3228 5098
262 355 304 418 72
607 371 1049 419 nro-mnnroenreruecnna

260 513 438 601 theeigkeit
474 515 526 579 die
564 513 822 600 Beschliftigung
858 515 919 578 mit
955 513 1132 580 weltlicher
1163 513 1408 601 ‘Philosophie'

260 622 325 686 und
353 622 415 688 den
441 621 651 687 heidnieoheu
676 621 811 698 Quellen
839 622 1022 706 derselben,
1055 622 1124 688 also
1153 623 1213 687 mit
1234 624 1308 688 dem
1332 622 1406 689 Stu-

261 731 349 795 dium
381 730 438 794 der
471 728 706 794 ‘Humaniore'
739 733 903 815 vertrega:
940 729 1044 794 wofllr
1076 730 1133 796 der
1164 729 1406 798 Ennienieehen

261 837 423 903 Weisheit
455 836 464 866 ‘
471 835 767 921 philosophandum
801 841 851 902 est
882 837 1009 922 paucis,
1045 859 1121 903 nam
1155 837 1286 904 omnino
1319 837 1408 904 haud

260 942 384 1029 plecet'
409 944 462 1009 ein
485 942 750 1009 enteeheidendes
774 941 921 1008 Gewieht
943 943 1184 1029 zugeeproehen
1209 945 1298 1010 wird.
1340 945 1407 1012 Aul

261 1053 349 1118 seine
372 1049 615 1116 Plautinisehen
638 1051 797 1116 Arbeiten
818 1051 1025 1137 fibergehend
1054 1051 1180 1138 sprioht
1206 1073 1241 1116 er
1264 1051 1333 1117 sich
1356 1075 1408 1120 eo·

261 1161 348 1224 deun
366 1156 411 1244 (p.
425 1158 489 1224 537
500 1155 547 1245 ff.)
566 1158 628 1223 mit
646 1159 726 1224 eben
746 1181 782 1223 so
802 1157 1027 1224 bescheidener
1050 1159 1111 1224 wie
1133 1159 1206 1225 lrlar
1229 1161 1408 1226 bewusster

262 1264 550 1351 Selbstschiitaung
580 1289 637 1330 aus
668 1265 748 1344 iiber
778 1266 835 1331 dae
864 1289 932 1331 was
966 1288 1000 1330 er
1031 1266 1149 1332 leisten
1178 1266 1311 1352 gewollt
1341 1267 1407 1333 und

262 1397 329 1439 wes
354 1396 388 1438 er
411 1371 562 1458 geleistet
584 1395 623 1436 zu
645 1373 753 1438 haben
775 1373 907 1459 glaebae
941 1373 1021 1438 ilber
1048 1373 1159 1460 billige
1188 1375 1253 1440 und
1276 1375 1404 1440 freund-

208 1503 249 1544 aas
263 1480 348 1547 liobe
371 1478 575 1545 Beurtheiler
597 1480 663 1546 und
686 1480 869 1566 bbswillige
892 1478 1059 1566 Gegner⁶)
1082 1503 1112 1546 u.
1135 1481 1200 1567 dgl
1223 1505 1275 1567 m,
1297 1481 1348 1547 bis
1372 1503 1408 1548 er

262 1644 473 1653 --..---

334 1729 411 1798 6)Ρ.
431 1727 532 1784 tals..
553 1727 715 1798 ‘Plautina‚
735 1745 807 1799 qnae
826 1731 857 1783 tn
876 1728 1029 1783 curandum
1048 1731 1081 1784 ut
1098 1729 1190 1785 denuo
1209 1729 1409 1799 exprimantur,

262 1820 358 1890 putes,
386 1818 428 1874 ita
451 1819 515 1873 sunt
537 1818 686 1889 diligentia
713 1817 904 1890 industrieque
924 1818 1009 1874 studii
1028 1818 1084 1874 mei
1103 1819 1263 1888 eleborata,
1291 1821 1408 1874 utente

261 1926 353 1964 meam
372 1907 454 1962 huius
473 1908 594 1963 auctoris
613 1908 762 1963 editionem
783 1909 890 1964 nullam
909 1907 1019 1978 uspiam
1033 1908 1251 1964 emendatiorem
1266 1925 1326 1964 esse
1340 1925 1405 1964 ecn-

261 1999 386 2068 speotem
406 1996 555 2064 eflirmare,
575 1998 604 2052 et
621 1996 696 2052 huuc
715 1999 847 2052 conatum
864 1996 907 2052 ita
924 1998 995 2052 bene
1014 1997 1189 2068 processisse,
1207 1999 1241 2052 ut
1259 2015 1322 2052 eum
1340 2015 1407 2053 non-

263 2085 403 2140 nullorum
429 2084 537 2139 inuidia
563 2084 654 2140 laudis
680 2084 787 2154 aliquid
813 2085 958 2154 meruerit,
986 2085 1118 2141 arbitrari
1142 2103 1224 2156 posse
1250 2086 1405 2143 videamur.

261 2175 367 2229 Nactus
390 2173 499 2228 luerem
522 2171 694 2243 exemplaria
716 2174 771 2229 duo
796 2173 913 2244 antiqua
935 2175 971 2229 ab
995 2172 1115 2230 indoctis
1140 2173 1261 2230 libreriie
1286 2179 1408 2232 exarata

261 2265 304 2319 Ea
321 2281 439 2333 sequens
457 2264 487 2318 et
504 2261 642 2318 adhibens
661 2262 848 2334 cogitationes
866 2265 1025 2334 accuratas,
1048 2265 1078 2320 et
1100 2264 1262 2320 adiumento
1285 2263 1409 2334 nudique

262 2353 409 2424 colligens,
437 2353 479 2407 ila
502 2351 669 2407 concinnaui
690 2351 804 2407 fabulae
822 2352 980 2420 Plautinae,
1011 2353 1044 2407 ut
1066 2369 1122 2408 non
1146 2351 1260 2423 quidem
1282 2353 1409 2424 integras

261 2443 456 2512 perfectasque
480 2439 557 2496 omni
575 2439 702 2496 bonitate
727 2458 773 2496 eas
792 2457 852 2496 esse
872 2440 1027 2508 crederem
1054 2441 1101 2496 sed
1120 2442 1152 2496 ut
1170 2441 1225 2498 ista
1243 2441 1371 2512 exposita
1388 2460 1408 2498 a

261 2531 341 2587 nobis
369 2529 569 2601 perscriptione
598 2530 699 2586 utilem
727 2530 876 2586 lectionem
902 2529 1034 2586 studiosis
1062 2529 1157 2586 Latini
1183 2529 1318 2586 sermonis
1343 2547 1408 2586 con·

261 2619 388 2675 oiliatum
410 2619 445 2674 iri
470 2621 630 2675 statuerem.
667 2621 760 2688 Atque
785 2619 849 2689 plus
873 2617 998 2689 impendi
1021 2619 1157 2689 temporis
1175 2618 1219 2673 his
1237 2619 1407 2675 lucubratio·

261 2709 352 2776 nibus,
371 2708 587 2778 occupatiorque
605 2707 646 2761 l'ui
665 2706 694 2762 in
708 2707 762 2762 isto
777 2725 869 2777 opere,
889 2723 973 2776 quem
992 2706 1111 2763 fortasse
1130 2703 1284 2778 debuerim,
1302 2711 1408 2764 utnon

261 2785 320 2855 teni
343 2797 520 2869 gloriandum
544 2797 580 2853 ob
599 2797 669 2852 haec
688 2797 800 2866 effecte,
828 2814 912 2866 quem
938 2799 1053 2867 propter
1070 2796 1231 2853 intermisse
1249 2796 1407 2867 emisseque

261 2887 318 2943 alia
342 2887 541 2958 poenitendum
565 2903 624 2942 esse
647 2885 784 2942 videatur.
823 2885 902 2952 Quod
925 2885 949 2940 si
972 2885 1006 2941 de
1031 2885 1135 2942 nostris
1158 2886 1301 2942 laboribus
1319 2885 1405 2943 ctiam

225 3031 230 3043 ,
260 2975 435 3044 testimonie,
462 2975 563 3044 quibus
581 2975 625 3030 illi
644 2974 820 3031 celebrentur
839 2977 1046 3044 ornenturque,
1074 2974 1193 3045 proferri
1215 2992 1328 3032 necesse
1351 2979 1407 3032 eet:

261 3064 323 3122 Etsi
341 3063 391 3121 alii
409 3081 520 3134 quoque
539 3063 666 3120 doctrine.
685 3063 795 3120 erudite
815 3065 987 3120 excellentes
1005 3064 1058 3120 viri
1077 3063 1106 3119 in
1124 3065 1180 3120 suis
1199 3064 1310 3136 seriptis
1329 3083 1408 3122 meae

261 3154 415 3210 industriae
434 3152 615 3208 laudabiliter
637 3153 837 3223 meminerunt,
863 3171 948 3208 unum
966 3157 1061 3209 tamen
1081 3153 1255 3210 solummodo
1274 3173 1329 3210 non
1348 3153 1407 3212 siue

261 3242 370 3313 ingenti
398 3241 494 3297 dolore
522 3258 611 3312 nuper
638 3241 708 3296 adeo
736 3241 870 3296 amissum
896 3243 926 3296 et
952 3243 1042 3297 morte
1067 3241 1223 3312 sublatum,
1252 3243 1406 3298 Adrianum

262 3333 421 3387 Turnebum
440 3331 639 3388 nominandum
658 3331 839 3403 puteuimus!
868 3331 988 3386 Hieranl
1003 3331 1048 3386 eiu
1068 3331 1271 3403 ausgele'lhrtee,
1289 3349 1407 3389 nmmos

262 3421 323 3477 Lob
350 3420 399 3476 des
424 3420 568 3476 Turnebus
597 3422 661 3492 (den
689 3437 719 3476 er
746 3421 775 3476 in
803 3419 950 3476 thulioher
969 3420 1061 3476 Weiee
1085 3420 1114 3476 in
1138 3421 1230 3478 ciuem
1254 3421 1345 3478 Briele
1367 3437 1404 3476 an

262 3510 382 3566 Lambin
400 3527 465 3566 vom
484 3511 508 3565 J.
531 3517 598 3566 leel
619 3511 660 3581 (p.
680 3511 743 3580 299)
762 3509 857 3576 scient,
883 3509 947 3566 dem
970 3526 1001 3565 er
1024 3509 1096 3566 auch
1120 3509 1209 3566 direct
1231 3509 1307 3566 seine
1326 3527 1405 3566 aner-

262 3599 434 3656 lrennendste
467 3599 672 3670 Hoohaohtung
705 3600 823 3670 bezeugt
853 3599 932 3655 hatte
965 3598 996 3653 iu
1028 3599 1092 3654 dem
1124 3599 1285 3655 undatirten
1314 3598 1405 3654 Briele

262 3709 288 3760 p.
308 3695 360 3745 300
369 3689 417 3760 ff.),
437 3689 493 3744 und
512 3689 600 3744 daun:
621 3688 771 3745 ‘Adrianus
790 3687 878 3760 igitur
897 3687 1043 3743 Turnebus
1062 3689 1090 3742 et
1108 3687 1242 3758 probauit
1260 3675 1356 3742 multis
1375 3687 1405 3742 in

262 3779 331 3834 locis
349 3778 503 3834 editionem
522 3782 648 3835 nostram
667 3779 841 3848 Plautinem,
869 3779 988 3848 atquae
1007 3775 1128 3832 mutauit
1145 3775 1205 3847 ipse
1223 3776 1327 3834 iudicio
1345 3793 1404 3846 suo,

262 3867 319 3924 illis
339 3867 493 3924 asserendis
517 3885 660 3939 nunquam
684 3868 755 3924 dixit
778 3867 847 3923 mibi
866 3865 1113 3937 (quemadmodum
1131 3865 1177 3920 hie
1196 3867 1290 3922 noster
1308 3865 1406 3920 auctor

262 3957 397 4028 loquitur)
423 3957 613 4014 inclementer.
651 3958 709 4013 Alii
734 3957 849 4028 quidam
875 3955 1038 4027 petiuernnt
1062 3971 1106 4010 rue
1132 3957 1161 4009 et
1186 3956 1252 4010 eunt
1278 3951 1410 4010 insectati

263 4045 455 4102 vehementius
474 4049 559 4116 atque
577 4045 751 4116 insolentius,
770 4065 834 4104 cum
852 4045 955 4116 quibua
973 4062 1026 4117 ego
1045 4061 1101 4100 non
1119 4043 1297 4112 contendere,
1316 4045 1345 4098 et
1363 4058 1408 4098 ee·

264 4139 359 4207 ceptae
383 4137 483 4208 plagas
511 4135 605 4208 potins
629 4136 752 4208 perpeti,
780 4154 866 4206 quam
888 4134 1070 4206 repugnando
1094 4133 1163 4204 ipsis
1187 4131 1274 4188 ctiam
1298 4131 1408 4200 aliquas

264 4226 420 4298 impingere
438 4227 516 4283 volo:
536 4225 578 4284 Ne
598 4225 659 4282 rixa
678 4225 784 4282 oriatur
802 4227 843 4297 (id
859 4225 934 4296 quod
948 4223 1009 4280 fieri
1023 4224 1112 4280 solere
1126 4219 1246 4278 nostrati
1259 4218 1407 4292 prouerbio

265 4315 378 4386 dieitur)
401 4315 583 4372 referiendo’.
622 4314 728 4371 Woran
750 4314 809 4370 sich
834 4314 878 4369 die
903 4311 1138 4383 Rechtiertignng
1162 4309 1239 4366 einer
1262 4309 1407 4364 einzelnen

264 4422 319 4460 von
342 4404 401 4460 ihm
426 4405 638 4476 anigestelllen,
662 4405 728 4461 aber
752 4404 829 4460 starlr
854 4402 1076 4474 angelochtenen
1094 4403 1123 4470 (l)
1146 4399 1334 4469 Belrauptnng
1359 4415 1406 4452 an·

266 4491 406 4550 schlieset:
434 4493 558 4550 ntmlieh
581 4493 643 4549 dass
667 4495 716 4549 der
742 4492 894 4549 iambische
914 4490 984 4546 Vere
1008 4489 1110 4546 lreinen
1129 4487 1253 4545 Creticus
1271 4487 1341 4542 stett
1358 4485 1408 4542 des
