3274 5114
661 442 744 489 vrrs
767 443 929 490 rnsnrrr.
1299 421 1363 486 207

266 581 344 647 Tres
368 605 427 668 per
449 584 483 648 id
506 587 633 669 tempus
657 585 713 671 qui
737 585 909 670 agitabant
930 582 1056 649 nobiles
1080 581 1254 646 facillume.

265 688 389 754 Eorum
412 691 468 755 ille
492 713 591 776 opera
613 713 654 756 ne
677 693 807 757 domum
831 691 960 776 quidem
983 689 1100 756 habuit
1122 687 1367 772 conducticiam‚

266 793 390 862 Saltem
413 801 450 862 ut
472 801 568 882 esset,
591 820 654 883 quo
678 797 814 863 referret
836 798 963 863 obitum
985 795 1111 862 domini
1135 795 1290 860 seruulus.

223 955 361 1041 Scripsit
392 957 576 1024 comoedias
609 981 673 1023 sex.
720 981 758 1023 ex
789 958 907 1043 quibus
939 957 1079 1042 primam
1106 955 1266 1022 Andriam
1294 977 1367 1020 cum

195 1063 380 1129 ⁵aedilibus
413 1064 517 1144 daret,
550 1065 656 1129 iussus
690 1069 765 1130 ante
794 1061 936 1130 Caecilio
965 1065 1103 1130 recitare
1131 1064 1171 1129 ad
1199 1066 1367 1128 cenantem

222 1191 295 1234 cum
318 1171 470 1254 uenisset,
493 1171 611 1237 dicitur
633 1171 762 1237 initium
787 1171 914 1256 quidem
936 1169 1077 1254 fabulae,
1100 1171 1186 1256 quod
1206 1174 1276 1236 erat
1294 1191 1368 1234 con·
1382 1185 1408 1224 ²⁹

222 1277 395 1362 temptiore
425 1279 561 1364 uestitu,
592 1278 748 1344 subsellio
777 1279 868 1344 iuxta
895 1277 1050 1343 lectulum
1073 1278 1217 1358 residens
1240 1277 1369 1364 legisse,

222 1387 298 1467 post
329 1406 450 1469 paucos
483 1406 560 1450 uero
593 1407 707 1450 uersus
739 1385 898 1450 inuitatus
931 1389 968 1450 ut
1000 1384 1203 1450 accumberet
1236 1407 1368 1451 cenasse

222 1511 300 1574 una,
328 1490 401 1556 dein
432 1495 539 1558 cetera
566 1492 804 1576 percucurrisse
832 1514 898 1557 non
924 1493 993 1558 sine
1016 1513 1135 1578 magna
1157 1490 1290 1558 Caecilii
1314 1493 1367 1558 ad-

186 1597 404 1663 ¹⁰mirationc.
456 1601 490 1662 et
521 1598 605 1664 hanc
638 1602 746 1663 autem
779 1602 812 1663 et
842 1598 983 1684 quinque
1017 1597 1158 1682 reliquas
1191 1599 1369 1683 aequaliter

224 1703 345 1788 populo
364 1705 530 1788 probauit:
549 1706 698 1792 quamuis
712 1704 883 1772 Volcatius
901 1705 934 1771 in
953 1705 1210 1770 dinumeratione
1224 1706 1368 1772 omnium

224 1809 272 1874 ita
295 1811 429 1877 scribat:

294 2092 395 2148 Furius
413 2093 480 2166 tres]
504 2093 670 2151 siministros
694 2099 743 2165 (un
765 2097 959 2166 sinnnistrosl)
978 2097 1019 2167 A,
1050 2097 1097 2152 sed
1118 2095 1206 2152 furius
1225 2100 1282 2153 tres
1300 2114 1366 2168 mrq.

224 2199 258 2240 m.
272 2199 324 2240 rec.
336 2183 483 2254 Pitieoeilt)
548 2191 561 2240 1
577 2187 607 2241 id
622 2187 745 2255 Wolfius.
764 2185 839 2241 idem
854 2187 928 2252 libri,
946 2187 1009 2241 item
1022 2186 1101 2253 infru
1165 2187 1214 2256 qui
1227 2203 1277 2242 cra.
1287 2186 1369 2242 1301)

295 2273 420 2344 agebant
438 2275 490 2329 01)
561 2275 697 2368 iacilqu
720 2277 755 2331 A.
792 2275 956 2342 facillleme,
980 2275 1062 2328 tertia
1084 2274 1095 2328 l
1118 2274 1210 2329 littera
1233 2275 1320 2331 deletu
1343 2281 1368 2330 et

221 2362 317 2430 priore
339 2379 354 2416 e
377 2364 409 2417 in
426 2381 445 2416 n
463 2369 578 2432 matuta,
597 2365 632 2418 B.
670 2364 805 2420 facillime
823 2365 904 2419 ceteri
993 2362 1078 2417 eills
1096 2379 1157 2432 sup.
1175 2379 1227 2418 scr.
1246 2364 1297 2420 Ge.
1317 2381 1367 2422 cra.

225 2449 270 2504 Ga
342 2467 427 2521 opera
445 2451 536 2510 ΑΕΖ.
556 2470 669 2522 operam
688 2454 769 2508 ceteri
839 2452 952 2524 habuit]
972 2451 996 2506 si
1014 2451 1095 2506 abuit
1107 2451 1142 2505 A.
1161 2450 1211 2507 ille
1229 2452 1369 2509 habuitG

285 2539 463 2596 conducciciri
481 2542 517 2596 A.
543 2540 743 2596 conductitiam
763 2542 842 2596 ceteri
931 2540 1070 2597 steterit
1088 2540 1115 2596 G
1203 2543 1314 2599 sernulo
1332 2545 1368 2600 A.

226 2627 356 2683 Semulus
376 2629 405 2684 0.
442 2629 569 2685 seruulus
591 2631 672 2685 ceteri
785 2628 960 2684 icomedias
983 2615 1148 2685 ABODGZ
1253 2631 1368 2688 todill-

170 2761 172 2766 .
224 2715 275 2770 bus
299 2716 409 2772 BODZ
506 2719 628 2774 Caecilio
655 2736 689 2774 ec
717 2719 885 2790 Hieronymo
908 2717 973 2787 'post
1000 2717 1138 2773 Crinitum
1165 2719 1198 2774 eie
1221 2727 1292 2790 poet.
1321 2722 1368 2778 lut.

225 2805 247 2856 Ι
263 2822 284 2860 c.
305 2812 324 2861 8
347 2806 440 2863 Latias
459 2808 600 2880 Gyruldus
623 2809 656 2862 de
670 2812 741 2877 poet.
761 2808 823 2861 hist.
841 2807 951 2877 diolcon
971 2805 1059 2861 VIII
1071 2823 1101 2877 p.
1121 2811 1177 2862 890
1195 2809 1235 2864 ed.
1255 2810 1323 2865 Bas.
1342 2828 1368 2866 a.

225 2899 305 2962 1545,
325 2896 464 2964 Meterius,
482 2897 613 2968 Sccliper.
633 2896 724 2953 caerio
739 2896 774 2953 A.
794 2895 872 2953 citio
886 2895 922 2950 B.
942 2893 1030 2951 carrio
1045 2894 1104 2950 01).
1128 2911 1226 2951 cenam
1241 2897 1274 2952 G.
1294 2898 1368 2955 oeric

225 2983 290 3040 EF.
317 2985 408 3040 Acilio
428 2985 547 3057 Pipleius
564 2987 670 3042 Aeaci.
690 2987 739 3054 II,
753 3003 785 3056 p.
804 2989 870 3052 389,
895 2984 1006 3040 Vossius
1023 2985 1057 3040 de
1070 2990 1141 3055 poet.
1161 2985 1208 3042 lat.
1223 3004 1255 3056 p.
1273 2992 1310 3042 10
1328 2987 1368 3044 ed.

225 3072 311 3129 Amst.
335 3092 361 3130 u.
384 3079 458 3130 1654
529 3075 673 3132 recitare.
695 3073 928 3144 ...contempti
956 3089 1006 3129 om.
1025 3074 1066 3140 A,
1093 3073 1165 3128 nihil
1188 3079 1299 3144 praeter
1322 3092 1369 3130 ore

224 3177 335 3218 servaris
415 3163 527 3219 ricitare
546 3165 581 3218 B.
607 3163 785 3220 redtasseG
865 3162 940 3218 atG
1021 3165 1150 3218 cenatum
1169 3161 1202 3217 G.
1222 3165 1369 3218 cenantem

225 3251 285 3305 sn
390 3253 528 3308 edicitur
548 3253 598 3311 rr.
619 3239 812 3308 ammaus.
840 3253 946 3308 urceum
965 3253 1009 3308 ene
1026 3251 1090 3307 sc.
1118 3251 1209 3306 uerus
1228 3255 1272 3308 aa
1290 3254 1370 3307 caer

295 3341 407 3396 initium
425 3343 467 3410 E,
491 3342 547 3400 Ver.
566 3341 649 3398 initio
668 3344 748 3398 ceteri
818 3342 933 3411 quidam
951 3341 979 3396 B
1050 3341 1145 3396 fabule
1165 3339 1249 3397 ODZ.
1272 3341 1370 3396 fabula

224 3429 277 3484 Bo
347 3431 421 3500 quod
440 3448 490 3487 oea.
509 3431 591 3487 1301)
662 3430 835 3487 contentiores
853 3430 934 3486 BOD
1006 3431 1091 3486 'tsnb
1110 3429 1190 3485 sellio
1209 3429 1240 3483 Ε
1313 3431 1369 3486 lec·

223 3575 285 3628 tum
303 3574 334 3628 F
407 3574 517 3631 rediens
535 3574 563 3629 B
636 3579 653 3628 8
672 3591 738 3630 uero
756 3589 861 3644 paucos
880 3573 907 3628 θ
982 3590 1077 3629 uersus
1096 3609 1221 3630 .....
1239 3532 1370 3638 ἱιιέὶῒεπίὲ

224 3663 252 3718 A
274 3679 336 3718 cum
358 3665 477 3734 quiaque
499 3665 608 3720 circiter
631 3663 785 3718 litterarum
807 3663 924 3718 lacuna:
946 3665 978 3716 eet
996 3661 1101 3718 abillo
1119 3661 1288 3716 intercidisse
1306 3677 1367 3716 ccu-

224 3753 294 3808 iciue
366 3767 497 3806 cenassae
515 3751 553 3808 Ε.
573 3767 704 3807 coenasse
722 3749 753 3804 F
822 3749 924 3806 edsio
941 3750 977 3807 A.
997 3749 1098 3805 deinde
1116 3751 1196 3804 ceteri
1258 3752 1370 3805 caetera

225 3841 338 3897 ODEF
406 3839 608 3910 percucurrisse
627 3840 662 3897 A.
686 3838 855 3910 percurrisse
874 3839 954 3894 ceteri
1025 3837 1142 3895 Oasdlii
1158 3840 1222 3894 item
1238 3843 1270 3894 eet
1288 3843 1370 3894 maes

220 3947 251 4000 p.
270 3937 319 3998 28,
337 3936 364 3987 9.
383 3929 469 3985 caerii
487 3931 522 3986 A.
542 3929 623 3986 corrii
640 3930 676 3985 Β.
696 3929 763 3986 cerii
783 3927 876 3984 EFZ.
895 3928 970 3985 circi
990 3928 1049 3985 OD.
1069 3945 1165 3985 eorum
1184 3927 1210 3983 G
1289 3933 1323 3983 10
1341 3929 1371 3983 et

224 4019 310 4091 hanc]
329 4035 364 4075 ex
381 4020 479 4076 hacG
551 4021 656 4092 antem]
676 4020 785 4076 utinam
804 4019 856 4074 01>
928 4021 958 4075 et
975 4035 1026 4077 ora.
1044 4019 1099 4074 BG
1171 4019 1249 4089 qu'q3
1270 4017 1299 4071 B

225 4108 296 4164 aliae
313 4109 436 4178 reliquas
454 4110 484 4164 D
555 4111 693 4180 equaliter
707 4107 871 4166 ABGDGZ
942 4115 973 4163 11
993 4107 1114 4178 probant
1127 4109 1157 4162 D
1225 4107 1370 4162 Volcatius

226 4198 259 4253 Z.
277 4198 417 4254 ucleatius
435 4197 501 4254 EF.
520 4199 659 4256 nulcatine
678 4200 767 4266 ceteri,
784 4199 841 4253 nisi
858 4199 931 4268 prod
948 4196 1071 4252 ualerios
1090 4197 1116 4252 G
1197 4195 1227 4248 in
1245 4195 1370 4250 dinume·

224 4287 333 4343 ratione
351 4287 514 4358 Schopenus.
538 4287 766 4344 denumeratione
784 4287 820 4343 A.
840 4287 875 4342 de
894 4285 1035 4342 annicius
1053 4284 1089 4341 B.
1108 4285 1142 4340 de
1161 4284 1370 4341 enumeratione

225 4377 312 4432 ceteri.
331 4376 366 4430 de
384 4375 607 4432 remuneratione
623 4375 809 4432 Monacensis
880 4373 1005 4430 omnium
1018 4372 1084 4439 AF,
1103 4371 1143 4429 St.
1158 4387 1208 4428 ora.
1222 4372 1369 4430 BODEZ.

225 4479 340 4534 operum
358 4464 477 4520 Bottias
568 4469 600 4519 lt
618 4463 661 4519 ita
683 4463 780 4520 scribit
797 4479 847 4548 pm.
867 4462 927 4533 Fu,
946 4463 1010 4517 cdd.
1029 4461 1061 4516 ire
1078 4477 1165 4532 mury.
1184 4461 1239 4517 Fe.
1267 4461 1371 4519 scribat

225 4554 261 4624 A,
280 4553 322 4610 St.
341 4553 439 4610 scribit
457 4555 537 4611 ceteri
