3184 5108
677 376 1058 439 esnnnnsnsnnnxnnnn

851 639 876 705 I.

236 815 275 857 1⁶⁸
291 824 353 886 que
375 800 497 866 habeat
518 821 620 886 prope
643 800 721 885 quid
745 799 948 884 exploratum
973 800 1070 884 longe
1094 798 1287 868 iudicatione
1310 798 1357 887 (¹)

289 917 456 1002 signorum
479 937 649 1001 rerumque
673 915 903 1000 praesensione
922 915 1032 998 palam
1053 915 1093 997 fit
1116 917 1210 980 totius

287 1037 424 1100 naturae
448 1032 606 1097 ertifieem
628 1030 737 1096 Deum
760 1030 778 1069 *
802 1031 947 1096 virorum
970 1031 1056 1095 inter
1078 1031 1165 1095 viros

290 1149 502 1232 quorumdem
525 1147 684 1212 insevisse
708 1143 750 1232 (²)
774 1147 891 1212 animis
914 1145 1108 1230 particulam
1131 1145 1181 1211 sui
1204 1167 1272 1230 quo
1294 1148 1383 1213 velot

289 1263 433 1329 ooomine
457 1267 513 1328 out
536 1263 628 1328 olavo
652 1266 821 1327 uterentur
844 1265 877 1326 et
899 1283 993 1347 quem
1016 1264 1147 1344 portum
1170 1261 1259 1328 vitoe

290 1378 516 1463 multiplicetis
524 1378 878 1462 hominumnaofraqiis
887 1376 1458 1464 prospexereeondemiofroFetum

290 1515 356 1560 sese
378 1498 527 1580 gerentes
550 1497 708 1560 tenerent
754 1493 836 1575 Quid
860 1497 909 1559 est
932 1492 1019 1557 enim
1041 1495 1150 1557 mente
1172 1491 1295 1575 aliquos

290 1611 395 1676 valere
419 1611 551 1696 ingenio
575 1610 719 1676 excolere
742 1630 864 1695 magno
886 1631 1015 1674 movere
1038 1609 1056 1648 *
1079 1608 1164 1673 erbi-

289 1726 353 1791 trio
378 1727 428 1791 sui
450 1727 513 1791 nisi
537 1726 698 1811 sapientia
721 1729 754 1790 et
776 1724 897 1791 virtute
921 1724 1054 1790 minime
1077 1723 1254 1789 oscitantes

289 1841 388 1926 potiri
411 1841 602 1926 proposito?
642 1842 676 1908 A
699 1863 763 1926 qno
786 1839 842 1925 qui
865 1839 1030 1906 declinent
1053 1839 1150 1903 iidem
1173 1839 1305 1905 sublato

289 1956 393 2022 libere
415 1957 583 2022 voluntate
606 1957 785 2041 Epicureas
806 1960 929 2021 atomos
951 1955 1002 2021 vel
1025 1953 1243 2020 Democriteus

283 2072 434 2156 persequi
452 2072 610 2137 videntur.
634 2071 761 2155 Nempe
781 2074 816 2136 ut
832 2093 928 2136 nemo
947 2069 1006 2136 sios·
1023 2074 1080 2134 aut
1092 2065 1133 2155 (⁸)
1149 2071 1217 2135 snio
1235 2071 1329 2138 utilis
1349 2073 1449 2139 fieret

290 2186 432 2252 medicus
457 2188 604 2272 quemvis
628 2186 827 2252 medicorum
850 2186 993 2271 optimus
1016 2184 1177 2250 habeatur
1199 2185 1228 2249 si
1252 2187 1344 2271 quod

290 2303 432 2368 remedio
454 2304 490 2368 in
511 2304 627 2370 morbis
648 2306 706 2368 out
728 2283 905 2368 elevationi¹
928 2323 999 2366 esse
1022 2303 1132 2385 potest
1155 2299 1310 2386 obsigne-

289 2418 332 2483 tis
356 2419 522 2484 nortlaect'ts
543 2418 732 2506 diligentius
756 2421 940 2482 oservotnm
963 2419 1107 2482 ostentet
1130 2418 1163 2480 et
1186 2437 1216 2480 e-

290 2534 335 2598 rit
356 2534 486 2619 quidem
509 2533 653 2600 instituti
676 2534 727 2599 sui
749 2533 897 2598 doctrino
918 2531 1059 2616 prudens
1082 2553 1143 2596 usu

380 2853 418 2921 (1)
436 2850 541 2907 indicio
559 2851 673 2922 aliquo?

382 2942 421 3010 (2)
439 2939 606 2996 inseruisse?

380 3031 418 3098 (3)
438 3027 562 3084 oivibus‘?

381 3187 491 3259 [Dieser
508 3188 583 3244 leere
601 3189 692 3243 Reum
711 3188 751 3242 sei
770 3207 803 3243 nn
821 3189 871 3244 der
888 3187 1066 3260 Bemerkung
1083 3188 1213 3257 bonntnt,
1238 3186 1303 3242 deso
1322 3207 1358 3243 nn
1376 3187 1437 3244 dem

291 3275 516 3348 neohfolgenden
530 3277 779 3348 Byrsa-Fragment
796 3277 826 3332 in
844 3277 894 3332 dor
909 3277 1036 3332 ‘Giunto’
1052 3277 1098 3332 die
1112 3275 1314 3346 Berichtigung
1331 3290 1437 3341 mom*

291 3378 403 3420 nnms
421 3365 467 3419 fiir
484 3379 596 3420 sums
615 3379 721 3429 movn'
739 3365 957 3437 noehgetregen‚
975 3365 1033 3420 und
1051 3366 1124 3420 Lett
1138 3384 1165 3436 p.
1178 3371 1209 3419 11
1228 3364 1259 3418 in
1277 3365 1343 3419 dem
1353 3365 1437 3421 Verso

291 3455 340 3511 des
359 3455 465 3512 Ennius
483 3455 534 3510 dos
553 3454 670 3511 Vorbild
692 3455 738 3509 for
756 3455 847 3526 Virgil
864 3457 934 3511 Aen.
953 3461 978 3525 3,
998 3461 1049 3510 375
1068 3456 1108 3510 sie
1125 3455 1188 3522 sata
1205 3453 1286 3509 deum
1304 3471 1356 3510 rex
1374 3455 1436 3510 Sor·

291 3547 361 3601 tileo
379 3544 521 3616 gesunden
539 3544 631 3616 virt]
