3104 5110
440 431 483 477 uu
508 429 770 477 unrarursoueu
795 428 968 476 auroauu.
1212 412 1275 476 827

304 731 359 821 ll)
393 735 446 800 Zu
476 733 648 800 Plinius'
678 731 1111 818 Xunstgesohichte.*)

220 894 388 962 Nachdem
421 893 548 959 Plinius
580 892 620 959 N.
648 893 689 957 Η.
716 892 855 977 XXXV,
885 893 958 975 9·§
986 893 1029 958 36
1066 915 1141 958 vom
1173 890 1331 961 Malerus

10 1003 11 1010 ’
121 1003 352 1087 Apollodorus
371 1000 580 1087 gesprochen,
599 1000 679 1085 geht
697 1021 732 1064 er
754 999 812 1064 auf
828 999 971 1065 Zeuxis
990 999 1070 1064 dber
1088 999 1150 1064 mit
1168 997 1278 1064 diesen

120 1110 285 1176 Worten:

237 1207 239 1210 ’
292 1214 345 1282 Ab
377 1216 438 1280 hoc
468 1215 549 1280 artis
580 1213 666 1278 fores
695 1218 824 1297 apertas
852 1213 967 1278 Zeuxis
996 1211 1205 1279 Heracleotes
1233 1213 1279 1278 in·

223 1323 325 1390 traxit
361 1321 557 1406 olympiadis
594 1321 824 1405 nonagesimae
866 1319 996 1406 quintae
1034 1341 1118 1385 anno
1160 1325 1277 1406 quarto

223 1432 458 1514 audentemque
486 1429 552 1492 iam
576 1427 698 1512 aliquid
724 1427 910 1511 penicillum
935 1478 941 1491 .
965 1475 972 1491 .
996 1477 1003 1492 .
1027 1477 1034 1492 .
1062 1427 1102 1491 ad
1127 1448 1278 1513 magnam

222 1539 360 1624 gloriam
383 1535 545 1620 perduxit,
569 1557 588 1598 a
612 1534 805 1618 quibusdam
828 1534 912 1599 falso
937 1535 969 1598 in
989 1531 1157 1598 LXXXIX
1176 1534 1277 1618 olym-

222 1644 317 1728 piade
354 1643 494 1726 positus,
537 1663 609 1706 cum
653 1640 751 1706 tuisse
788 1661 920 1704 necesse
959 1643 1009 1704 est
1048 1639 1278 1724 Demophilum

223 1749 430 1813 Himeraeum
454 1751 487 1810 et
504 1745 645 1812 Neseam
664 1745 830 1830 Thasium,
854 1745 1016 1831 quoniam,
1039 1747 1144 1811 utrius
1167 1768 1278 1812 eorum

224 1854 401 1938 discipulus
425 1853 536 1938 fuerit,
560 1853 746 1938 ambigitur.
1045 1921 1047 1925 ,

224 1962 305 2027 Hier
331 1961 449 2026 nimmt
476 1983 543 2025 nun
567 1957 684 2046 Sillig
713 1962 758 2026 im
782 1958 885 2026 (ialal.
909 1959 994 2025 artif.
1022 1983 1052 2044 p.
1075 1960 1187 2026 459ff.
1214 1961 1279 2025 und

130 2071 269 2136 seitdem
280 2069 363 2135 auch
377 2069 411 2133 in
425 2067 530 2132 seiner'
540 2065 693 2153 Ausgabe
708 2067 759 2133 die
769 2067 851 2132 Zahl
864 2067 1019 2134 LXXIX
1031 2067 1083 2132 lllr
1093 2067 1280 2134 LXXXIX

130 2201 192 2244 aus
215 2175 469 2242 Handschrilten
494 2175 552 2239 aul
572 2174 636 2238 und
664 2173 870 2258 reohtfertigt
897 2173 964 2240 dies
993 2197 1045 2240 am
1069 2178 1177 2240 ersten
1201 2175 1279 2241 Orte
1293 2203 1333 2243 ur

131 2285 194 2350 mit
212 2285 274 2348 den
293 2283 445 2347 Worteu:
470 2281 536 2346 ‘Ex
555 2281 682 2366 vulgari
703 2281 864 2365 scriptura
887 2282 1130 2369 duodetriginta
1152 2286 1280 2348 tantum

10 2385 19 2398 ”
133 2393 212 2458 anni
235 2391 408 2475 prodeunt,
433 2388 549 2472 qulbus
574 2409 651 2452 sane
675 2385 789 2452 Zeuxis
813 2388 959 2453 floruerit
982 2392 1124 2474 oportet,
1147 2391 1184 2454 ut
1206 2388 1279 2453 reli·

135 2519 201 2582 qua
232 2496 270 2560 de
308 2493 571 2579 praeceptoribus
604 2494 703 2558 verba
734 2495 842 2579 inepte
875 2499 1003 2560 tantum
1036 2496 1147 2561 addita
1179 2493 1279 2560 videri

134 2607 283 2689 possent3
319 2605 432 2668 nostra
465 2623 539 2666 vero
577 2600 716 2666 lectione
754 2601 865 2685 opinio
902 2601 1173 2688 chronologorum
1206 2624 1280 2667 vere

10 2727 11 2740 ¹
136 2712 310 2794 refutatur,
352 2708 505 2792 quoniam
538 2707 579 2772 ab
616 2708 751 2774 haosol.
783 2731 883 2792 usque
916 2709 955 2774 ad
989 2709 1078 2775 XCV
1112 2709 1280 2795 sexaginta

136 2822 260 2902 septem
289 2814 425 2900 (warum
453 2814 544 2879 nicht
572 2814 672 2898 oclol)
697 2814 774 2878 anui
809 2815 983 2899 orirentur,
1015 2816 1101 2901 quod
1124 2815 1279 2899 temporis

137 2925 279 3009 spatium
307 2923 364 2986 illa
392 2921 521 3006 quidem
544 2925 666 3004 aetate,
694 2943 758 3004 qua
785 2927 818 2986 et
845 2921 930 2986 inter
953 2921 1092 2988 Graecos
1116 2921 1279 3002 μακρόβιοι

138 3031 352 3112 rarescebant,
375 3027 490 3092 Zeuxis
514 3031 583 3091 arte
607 3049 666 3092 sua
683 3028 736 3092 vix
761 3029 887 3112 explere
910 3029 1025 3113 potuit.
1061 3029 1133 3094 Huc
1157 3029 1281 3094 accedit
1327 3065 1330 3070 ·

10 3153 11 3158 ’
58 3175 64 3186 ·
138 3137 221 3224 quod
249 3135 366 3202 Zeuxis
397 3154 464 3198 non
497 3132 539 3196 ol.
567 3130 665 3216 XCV,
693 3133 715 3198 4
746 3134 886 3218 primum
919 3137 1022 3199 artem
1054 3137 1212 3220 exercuit,
1244 3139 1281 3200 ut

138 3245 236 3312 rerba
264 3241 363 3306 Plinii
391 3239 534 3304 indicare
566 3241 712 3323 possent,
746 3239 800 3304 sed
829 3240 895 3305 iam
924 3244 999 3306 ante
1026 3243 1146 3308 nobilis
1174 3243 1279 3308 factus
1366 3233 1371 3244 ’

10 3395 11 3404 1
138 3357 198 3434 est,
230 3349 314 3435 quod
338 3369 377 3412 ex
399 3346 541 3431 pictura,
575 3368 672 3430 quam
696 3345 915 3433 Archelao**)
948 3347 1094 3432 donavit,
1128 3349 1280 3434 colligere

10 3483 11 3498 ¹
140 3461 226 3542 lieet,
256 3461 293 3521 ut
325 3453 459 3538 proinde
491 3453 533 3518 ol.
561 3451 730 3518 LXXXIX
765 3453 897 3519 omnino
929 3477 994 3520 non
1027 3459 1106 3539 apta
1137 3456 1188 3520 eit.
1230 3454 1280 3520 Flo

141 3565 250 3630 melius
269 3564 383 3626 contra
402 3561 512 3625 omnia
534 3561 722 3644 procedunt,
745 3581 819 3625 cum
839 3559 1070 3644 Demophilum
1090 3565 1123 3626 et
1140 3561 1281 3627 Neseam
1382 3595 1387 3602 ·

10 3699 11 3720 ÷
144 3673 181 3736 ol.
199 3669 334 3736 LXXIX
353 3667 500 3732 floruisse
520 3665 718 3733 statuimus.'
750 3665 827 3732 Man
846 3667 941 3752 sieht,
965 3666 1063 3753 Sillig
1079 3667 1198 3732 uimmt
1220 3668 1281 3732 den

10 3797 11 3818 ³
145 3777 213 3843 Sata
232 3776 293 3840 mit
310 3776 458 3858 quioniam
477 3775 524 3839 als
538 3773 665 3839 Beweis
683 3775 735 3838 mr
754 3775 811 3840 das
830 3773 962 3856 infulsa
981 3773 1128 3860 liegende
1142 3773 1282 3860 Urtheil,

145 3885 216 3951 oder
238 3882 299 3947 mit
325 3883 445 3947 andern
469 3881 620 3965 Worten,
648 3903 683 3946 er
710 3883 811 3948 findet
837 3884 871 3948 in
898 3884 971 3948 dem
998 3903 1121 3969 ganzen
1145 3881 1280 3947 Zusatae

144 3991 190 4056 die
217 4012 282 4055 von
304 3988 428 4054 Plinius
456 3988 621 4074 gegebene
637 3989 880 4094 ‘Widerlegung
907 3989 1108 4075 derjenigen,
1136 3988 1187 4054 die
1217 3988 1280 4053 deu

146 4097 253 4162 Zeuxis
275 4097 368 4162 nicht
389 4097 423 4161 in
442 4095 492 4160 Ol.
506 4095 549 4160 95
572 4099 704 4162 setzten.
741 4094 819 4162 Dies
842 4097 888 4162 ist
910 4098 988 4162 aber
1010 4095 1192 4181 sprachlich
1215 4095 1280 4161 und

145 4263 241 4273 ......-p
247 4263 349 4270 ..η-..-

226 4343 252 4412 e
272 4342 381 4414 [auen.
401 4344 528 4398 nuceum
546 4343 565 4398 r.
585 4343 686 4398 rarior.
706 4343 739 4397 u.
760 4343 789 4398 r.
809 4343 858 4398 aa.
878 4343 918 4397 111
936 4346 1029 4413 (reus)
1048 4361 1075 4414 p.
1095 4349 1147 4398 us
1161 4341 1202 4416 a]

158 4457 160 4462 ’
211 4449 252 4520 **)
271 4450 334 4506 Von
360 4449 506 4519 01.o1,s
530 4449 572 4504 bis
595 4455 693 4518 95,1,
719 4449 811 4520 nicht,
839 4448 892 4505 wie
916 4448 998 4520 Sillig
1021 4449 1092 4520 will,
1119 4467 1174 4506 von
1197 4456 1281 4520 91,4

147 4539 183 4595 bis
201 4545 248 4608 95,
267 4547 291 4594 3.
