3294 5104
513 398 755 459 ovissumnas
780 399 1113 448 osonnuonoorcsa.
1320 387 1383 450 327

284 545 455 624 mercator,
482 540 653 606 Asinariae
676 539 718 625 ll,
740 543 771 626 4,
794 543 837 606 92
860 541 969 630 (499);
994 579 1036 590 —
1059 547 1160 627 pater,
1184 541 1384 611 Curculionis

286 647 325 730 V,
348 649 379 732 2,
402 648 443 712 37
468 645 572 733 (636).

240 752 450 834 *Πιθήκιον
473 754 690 820 Pithecium
714 753 931 844 (Prnscrvrr):
955 778 1056 840 serva,
1079 756 1266 822 Truculenti
1290 757 1332 842 ll,
1356 761 1385 844 5,

285 862 336 926 24.
384 859 445 942 [Of.
469 860 536 926 Mil.
561 863 642 948 glor.
667 863 754 944 989.]

239 965 452 1033 *Πινάκιον
475 965 686 1034 Pinacium:
714 991 794 1053 puer
818 968 930 1053 Stichi,
953 971 1004 1035 cui
1029 970 1127 1056 vulgo
1150 969 1244 1036 nihili
1266 993 1386 1036 nomeu

282 1072 467 1158 Dinaretum,
500 1075 585 1160 quod
616 1075 688 1140 vide
716 1097 823 1159 supra.
874 1075 936 1140 ‘Ex
964 1076 1069 1160 specie
1098 1075 1232 1142 formae'
1263 1077 1385 1143 dictum

284 1177 433 1245 Donat-us
455 1181 491 1244 in
515 1181 673 1247 Andriam
696 1183 721 1268 I,
739 1183 768 1266 3,
788 1183 828 1246 21
856 1181 957 1247 docet.
985 1220 1020 1228 -
1048 1182 1253 1249 Memorabili
1277 1188 1385 1249 autem

282 1287 539 1371 perturbatione,
576 1287 614 1352 de
648 1311 712 1372 qua
744 1289 777 1353 in
809 1288 1010 1373 praefatione
1043 1287 1146 1354 Stichi
1179 1313 1209 1373 p.
1238 1309 1261 1354 x
1277 1312 1323 1375 sq.
1353 1296 1386 1355 et

282 1415 380 1477 supra
412 1394 472 1460 sub
502 1391 698 1474 Ἐπίγνωμοε
726 1396 874 1480 exposui,
906 1396 938 1459 in
968 1393 1127 1460 Palatinis
1155 1395 1239 1460 idem
1267 1420 1385 1462 nomen

220 1531 224 1544 ·
285 1499 318 1562 in
346 1521 418 1564 eam
441 1504 491 1564 est
515 1523 658 1566 sororem
682 1503 891 1580 translatum,
923 1502 1062 1586 quaein
1087 1501 1304 1568 Ambrosiano
1329 1502 1384 1568 ha-

281 1603 375 1668 betur
398 1605 573 1688 Pamphila.

237 1710 522 1792 *Πιετόκληροε
545 1711 801 1778 Pistoclerus:
825 1713 1011 1778 adulescens
1036 1712 1242 1779 Bacchidem.

236 1817 477 1900 *Πλανήειον
500 1819 735 1884 Planesium:
760 1820 852 1904 virgo
876 1818 1086 1885 Curculionis.

236 1925 564 2004 *Πλαταγίδωροε
587 1914 879 2010 Platagidorus:
903 1926 1005 2010 miles,
1029 1925 1230 1994 Curculionis
1254 1929 1312 2013 ΙΙΙ,
1332 1931 1384 1995 38.

281 2032 332 2096 60.
365 2030 427 2116 IV,
453 2033 489 2116 4,
517 2032 538 2098 5
567 2032 655 2119 (408.
685 2035 760 2100 430.
788 2035 877 2116 561).
932 2032 981 2098 De
1012 2035 1274 2116 Πλαταγόδωροε
1306 2058 1383 2102 cavo

283 2139 416 2223 cogites.

236 2245 497 2326 *Πλευεικλῆε
520 2247 750 2313 Pleusicles:
781 2248 969 2312 adulescens
993 2246 1109 2312 Militis
1134 2249 1277 2334 gloriosi.
1323 2249 1382 2313 lle-

284 2353 435 2416 stitutum
459 2377 478 2418 a
500 2376 552 2418 me
576 2375 692 2420 nomen
715 2377 774 2439 pro
799 2353 952 2418 mendoso
967 2353 1143 2418 Pleusidcs:
1167 2354 1204 2419 de
1229 2378 1292 2439 qno
1312 2355 1383 2420 vide

282 2457 322 2522 ad
345 2459 475 2524 fabulae
499 2483 528 2524 v.
551 2461 616 2525 596
641 2460 805 2526 adnotata.

236 2565 526 2646 *Πληείδιπποε
550 2565 799 2650 Plesidippus
822 2564 1078 2651 (Pnsmmrvsb
1107 2566 1294 2634 adulescens
1317 2569 1382 2633 Ru-

281 2673 398 2738 dentis.
443 2673 496 2738 Sic
525 2674 611 2738 enim
640 2672 795 2757 scriptum
825 2693 943 2736 nomen
966 2677 999 2736 et
1024 2672 1258 2739 Ambrosianus
1282 2676 1381 2739 semel

280 2783 419 2844 testatur
438 2779 479 2864 ll,
494 2781 523 2862 6,
539 2781 581 2844 70
591 2777 684 2863 (554)
708 2782 741 2842 et
763 2778 897 2842 noviens
916 2776 1021 2842 Vetus
1039 2780 1184 2862 prodidit
1202 2785 1234 2845 et
1253 2782 1380 2846 sexiens

280 2885 486 2972 Decurtatus3
510 2890 624 2951 contra
641 2886 862 2968 Plcasidippas
885 2885 983 2949 semel
1007 2889 1135 2950 tantum
1154 2885 1257 2950 Vetus
1280 2885 1381 2952 habet

279 2991 312 3055 in
344 2993 554 3076 inscriptione
588 3014 722 3058 scaenae
750 2989 807 3075 IV,
836 2993 869 3075 8,
902 2995 1089 3056 constanter
1119 2995 1227 3056 autem
1257 2993 1331 3058 inde
1362 3018 1381 3059 a

280 3121 374 3163 versu
398 3099 460 3178 ΙΙΙ,
484 3101 518 3182 6,
541 3099 584 3164 33
608 3097 703 3184 (871)
732 3099 927 3163 Decurtatus
955 3098 986 3162 lr.
1015 3121 1040 3164 e.
1069 3103 1194 3184 quater'
1212 3100 1245 3165 in
1273 3099 1380 3164 verbis

280 3209 403 3288 poetae,
427 3228 490 3290 quo
510 3205 634 3270 accedit
652 3227 709 3289 per
728 3209 831 3270 totam
850 3227 1000 3270 scaenam
1019 3205 1109 3288 lv,8
1128 3227 1284 3289 personae
1303 3209 1381 3270 nota

280 3309 383 3375 Pano.
420 3309 449 3374 A
468 3307 645 3374 Decurtato
669 3310 783 3374 leviter
805 3309 968 3393 discrepat
984 3311 1169 3394 Vaticanus,
1194 3311 1275 3376 unde
1290 3311 1381 3376 Pleu-

278 3419 418 3498 sidippas
451 3415 492 3480 ad
518 3415 621 3481 Italos
652 3420 748 3500 atquc
783 3415 924 3480 editores
952 3417 1104 3480 manavit.
1155 3417 1254 3481 Recte
1281 3417 1381 3500 igitur

280 3522 465 3588 auctoritati
489 3521 690 3604 bonitatique
710 3523 883 3587 vetustatis
902 3521 1127 3587 Fleckeiseuus
1147 3523 1380 3588 obsecundavit

277 3633 429 3695 revocata
459 3629 658 3711 Plesidippus
691 3627 805 3692 forma.
862 3627 924 3692 Sed
959 3627 1035 3712 quid
1069 3630 1100 3692 id
1133 3628 1275 3693 nominis
1309 3651 1378 3694 esse

279 3736 431 3819 dicamus,
454 3735 624 3801 haeremus
648 3757 713 3800 non
737 3733 951 3799 mediocriter.
987 3732 1072 3798 Nam
1097 3735 1158 3798 etsi
1182 3733 1277 3798 facile
1297 3735 1380 3818 quis-

277 3844 366 3926 piam
395 3843 433 3907 dc
463 3843 573 3928 aliquo
601 3843 756 3926 *Πληείε,
792 3842 872 3906 -ίδοε
901 3841 1031 3906 nomine
1062 3841 1195 3926 cogitet,
1227 3841 1315 3905 facto
1343 3849 1380 3906 ut

278 3949 382 4028 Λυείε,
416 3951 534 4029 Μνηείε
563 3951 631 4016 sive
662 3949 782 4016 Mvoctt
810 3946 920 4032 (quem
949 3947 990 4011 ad
1018 3947 1149 4012 modum
1180 3947 1220 4011 ad
1250 3946 1379 4027 Μιλφίε,

280 4056 361 4121 lbos
390 4079 488 4140 supra
515 4058 737 4122 revocavimus
760 4051 1035 4140 Milphidcppam),
1062 4059 1172 4119 tamen
1196 4053 1313 4118 mirum
1337 4055 1380 4118 sit

278 4186 297 4226 a
318 4163 467 4226 muliebri
486 4163 616 4226 nomine
635 4163 783 4246 componi
804 4161 903 4226 virile,
940 4161 1047 4226 Minus
1067 4161 1165 4225 etiam
1184 4159 1378 4242 placiturum

277 4273 372 4352 puto,
403 4268 456 4352 qui
481 4269 522 4332 ab
547 4269 655 4352 aliquo
679 4268 863 4348 *Πληείδηε
885 4269 1025 4350 nomine,
1048 4267 1135 4331 lacto
1159 4269 1195 4330 ut
1219 4267 1378 4350 Κληείδηε,

277 4373 510 4457 proficiscatur.
570 4373 770 4456 Quamquam
803 4373 969 4438 fatendum
1004 4377 1052 4435 est
1083 4393 1148 4436 non
1182 4371 1249 4435 ullo
1283 4373 1378 4438 modo

277 4478 509 4565 expeditiorem
533 4477 726 4563 explicatum
749 4479 969 4562 Pmemppus
991 4479 1130 4544 formam
1153 4478 1282 4546 babere.
