3302 5106
690 392 943 442 noursroarcrs
1321 374 1398 438 411¹

245 545 309 610 700
338 543 494 628 pervenit.
540 541 642 618 Quem
672 539 731 604 etsi
761 537 920 621 suspicari
944 537 1033 620 licet,
1064 556 1129 600 nun
1153 539 1264 598 tamen
1288 535 1388 598 scitur

245 651 398 716 firmitate
422 646 617 714 valetudinis
641 645 837 712 excelluisse.
862 681 903 690 —
932 643 1043 728 Longe
1066 646 1174 706 autem
1198 640 1387 724 planissimo

243 757 435 822 documento
459 757 491 821 id
515 755 600 840 quod
619 755 767 819 volumus
792 774 829 818 eo
853 752 1043 837 logistorico
1068 749 1225 834 probatur
1248 747 1303 832 qui
1326 747 1389 812 fuit

243 863 282 926 de
296 865 442 930 scaenicis
456 862 634 948 originibm
657 860 743 926 Eum
760 859 846 924 enim
861 859 1002 924 dubitari
1022 855 1137 942 nequit
1156 856 1232 940 quin
1247 853 1388 920 Scauro

244 969 349 1036 Varro
368 969 569 1054 inscripserit
587 971 721 1052 propter
739 967 902 1052 insignem
919 965 1077 1048 ludorum,
1100 963 1135 1028 in
1157 963 1209 1028 his
1229 963 1390 1028 scaenico·

243 1099 327 1160 rum,
359 1074 636 1160 magnificentiam
669 1073 709 1137 ab
738 1071 781 1138 M.
811 1071 949 1136 Aemilio
978 1069 1099 1136 Scauro
1132 1069 1236 1134 aedile
1268 1093 1296 1134 a.
1324 1069 1389 1134 695

244 1183 416 1248 editorum:
448 1182 487 1246 de
515 1204 579 1266 qua
606 1179 755 1244 ludorum
784 1177 953 1264 opulentia
981 1177 1052 1242 vide
1081 1177 1276 1261 scriptorum
1299 1177 1389 1242 testi·

245 1290 355 1356 monia
378 1313 398 1354 a
422 1287 602 1354 Schuberto
627 1291 783 1372 congesta
806 1286 845 1350 de
869 1285 961 1350 Rom.
985 1283 1077 1348 aedil.
1101 1306 1131 1368 p.
1151 1284 1225 1348 419.
1270 1283 1389 1348 Mirum

246 1397 279 1460 in
313 1397 444 1462 modum
477 1419 497 1461 a
528 1419 604 1462 vero
637 1394 762 1478 Popma
795 1392 972 1475 aberravit,
1011 1390 1116 1476 egisse
1144 1389 1324 1456 Varronem
1356 1391 1390 1455 in

246 1501 380 1584 Scauro,
408 1502 498 1566 cuius
522 1503 658 1566 alteram
682 1500 928 1583 inscriptionem
951 1497 1138 1582 ignorabat,
1166 1497 1204 1561 de
1233 1497 1390 1563 aedificiis

246 1609 418 1674 coniciens.
463 1608 557 1673 Hunc
588 1613 697 1674 autem
726 1606 953 1692 logistoricum
976 1609 1106 1689 praeter
1129 1604 1326 1688 reliquorum
1351 1605 1390 1667 si·

246 1716 463 1781 militudinem
487 1739 552 1780 non
576 1737 640 1780 unc
664 1714 777 1797 fuisse,
805 1712 859 1778 sed
889 1711 1036 1795 pluribus
1065 1710 1158 1774 libris
1183 1709 1390 1793 comprehen-

249 1845 319 1888 sum
343 1819 463 1907 (tribus
482 1827 519 1886 ut
538 1818 689 1906 videtur),
712 1843 777 1886 uon
796 1821 934 1903 possunt
951 1817 1096 1902 prolecto
1115 1840 1181 1882 non
1200 1816 1391 1900 persuadere

249 1951 348 2012 snpra
370 1927 551 2013 composita
574 1926 688 2012 Servii,
711 1925 863 2010 Charisii,
887 1924 1055 1992 Censorini
1080 1925 1278 2008 testimonia,
1301 1946 1390 2008 pror·

247 2059 301 2100 sus
329 2057 368 2100 ea
394 2037 442 2101 ita
469 2037 658 2121 comparata
686 2037 735 2119 ut,
768 2034 796 2098 si
825 2034 900 2119 quid
931 2033 965 2098 in
995 2033 1057 2098 hoc
1088 2053 1205 2118 genere
1237 2031 1392 2096 similium

247 2143 447 2227 comparatio
483 2144 583 2228 valet,
615 2165 679 2208 uuo
714 2141 863 2226 exemplo
894 2145 1058 2207 servatum
1090 2141 1222 2224 plenum
1255 2139 1392 2204 indicem

247 2253 407 2334 appareat
434 2250 508 2314 aliis
536 2251 617 2316 locis
646 2272 703 2333 per
730 2255 839 2332 partes
870 2270 945 2312 suas
974 2247 1172 2330 discerptum
1197 2245 1393 2310 articulatim

247 2357 508 2440 commemorari,
540 2355 723 2439 promiscue
752 2355 847 2418 modo
876 2377 896 2416 a
924 2353 1054 2416 nomine
1082 2353 1177 2416 modo
1206 2375 1225 2415 a
1248 2374 1282 2414 re
1305 2351 1393 2416 facta

249 2463 477 2546 appellatione.
515 2462 604 2536 Quae
628 2459 849 2524 inconstantia
873 2457 958 2543 quod
982 2457 1043 2522 hoc
1067 2458 1212 2541 exemplo
1236 2459 1269 2522 in
1294 2480 1392 2524 unum

248 2568 447 2650 eundemque
472 2566 662 2649 scriptorem
687 2565 775 2629 cadit
801 2563 996 2650 Charisium,
1019 2563 1052 2628 id
1076 2563 1207 2630 levioris
1231 2587 1302 2630 esse
1326 2587 1392 2630 mo·

250 2673 351 2737 menti
375 2672 409 2736 iu
432 2694 470 2737 eo
494 2670 708 2757 grammatico
732 2675 876 2756 apparet,
900 2673 1044 2757 quinon
1068 2695 1144 2736 snae
1167 2671 1298 2738 lectioni
1321 2695 1393 2756 pro-

250 2779 318 2842 lata
346 2777 535 2842 testimonia
563 2777 691 2862 debeat,
725 2777 780 2841 sed
808 2778 849 2842 ab
879 2777 1117 2863 antiquioribus
1145 2779 1312 2862 magistris
1343 2801 1393 2844 ac-

250 2889 345 2970 cepta
368 2885 478 2971 qualia
502 2884 698 2968 repperisset
722 2884 868 2948 sumant.
904 2883 1044 2949 Tantum
1064 2883 1158 2948 facile
1182 2883 1313 2949 concedi
1337 2909 1393 2969 pu·

249 2996 372 3077 tamus,
404 2993 506 3057 multo
535 2990 663 3076 longius
691 3013 711 3054 a
738 2990 972 3074 probabilitate
1000 2990 1081 3056 illud
1108 2990 1270 3074 recedere,
1302 2996 1394 3056 utet

250 3101 449 3187 singularem
479 3098 599 3163 librum
623 3097 661 3160 de
685 3097 841 3162 scaenicis
866 3095 1045 3182 originibus
1074 3095 1189 3160 fecisse
1217 3099 1250 3160 et
1277 3097 1392 3163 iterum

249 3206 288 3271 de
309 3207 465 3273 scaenicis
484 3205 666 3292 originibus
686 3227 725 3270 ne
745 3203 850 3270 indice
874 3203 1004 3288 quidem
1023 3202 1150 3268 variato
1173 3203 1278 3268 tribus
1302 3203 1394 3268 libris

250 3313 437 3398 exposuisse
456 3311 564 3376 Varro
587 3309 843 3396 existimetur*).
880 3308 948 3374 Nec
972 3308 1176 3374 mediocriter
1198 3311 1394 3392 πολυβίβλου

320 3523 345 3592 *)
364 3522 493 3577 Ceterum
508 3520 582 3589 quod
596 3520 629 3574 de
641 3521 773 3574 scaenicis
788 3520 942 3588 oripinibus
960 3519 1047 3574 libros
1058 3518 1210 3576 Varronem
1226 3521 1317 3577 neseio
1333 3524 1394 3592 quis

250 3627 337 3680 nuper
356 3609 428 3664 dixit
446 3607 481 3662 ad
502 3609 708 3662 Διδαεκαλικῶν
726 3624 890 3676 graecorum
908 3607 1119 3664 similitudinem
1138 3611 1340 3680 composuisse,
1366 3612 1395 3666 id

252 3717 308 3753 non
331 3698 422 3768 magia
446 3696 619 3752 considerate
644 3697 749 3751 dictum
774 3699 817 3752 est
839 3715 924 3765 quam
943 3697 1018 3766 quod
1038 3699 1222 3752 Schneiderus
1241 3715 1340 3752 comm.
1361 3700 1395 3754 de

251 3788 330 3842 Varr.
349 3787 409 3842 rite
426 3789 456 3842 at
474 3785 569 3857 script.
588 3805 614 3855 p.
635 3792 686 3841 238
707 3786 831 3842 eiusdem
850 3785 953 3840 librum
972 3784 1068 3851 (immo
1087 3785 1186 3854 libros)
1204 3787 1237 3840 dc
1252 3789 1340 3854 poetic
1359 3789 1394 3842 ad

250 3877 439 3930 Arbucxalnbv
461 3875 649 3930 imitationem
673 3875 780 3930 lactum
802 3875 929 3944 putabat.
968 3871 1037 3928 Cum
1060 3874 1114 3928 hoc
1132 3873 1207 3928 enirn
1227 3875 1395 3931 Graecorum

253 3963 383 4019 instituto
402 3967 476 4018 reete
495 3963 614 4018 conlerri
633 3964 676 4018 illi
694 3967 804 4020 tantum
823 3962 889 4018 libri
907 3967 1035 4033 possunt,
1059 3962 1107 4033 qni
1132 3963 1244 4020 luerunt
1262 3967 1295 4020 ‹le
1312 3969 1395 4020 octio-

250 4053 333 4108 nnus
351 4054 495 4108 rcamicie:
515 4053 669 4122 dequibus
689 4053 795 4110 dictum
815 4053 977 4124 Parergonl
996 4071 1024 4123 p.
1036 4059 1136 4123 llasq.
1156 4059 1258 4122 320sq.
1290 4055 1395 4110 Horum

251 4145 344 4198 autern
360 4143 456 4212 paucis
471 4143 635 4214 fragmentis
650 4143 802 4198 echarisio
817 4143 1014 4212 Priscianoque
1029 4143 1137 4213 pridem
1152 4143 1278 4198 collectis
1292 4159 1395 4198 norum

251 4233 372 4288 accessit
389 4249 423 4287 ex
441 4231 557 4301 Hauptii
575 4233 759 4302 grammatico
773 4232 808 4286 de
822 4249 914 4301 gener.
930 4249 1003 4288 nom.
1018 4251 1045 4301 p.
1056 4237 1103 4287 98:
1123 4231 1273 4286 Scabillum
1290 4235 1395 4300 periens

251 4324 353 4390 muni,
370 4323 442 4378 meat
459 4337 609 4387 scamnum,
627 4327 659 4375 ut
679 4321 767 4376 Varro
785 4321 817 4374 ia
835 4322 990 4376 actionibus
1007 4321 1147 4374 scaenicis.
1175 4317 1260 4372 Aliud
1278 4318 1394 4376 fortasse

252 4427 270 4466 a
288 4411 378 4467 Probo
397 4431 423 4482 p.
445 4417 513 4466 1476
532 4411 562 4466 Ρ.
587 4409 759 4464 addendum:
791 4411 927 4480 sinapio,
953 4409 1105 4477 simpuio,
1139 4407 1228 4462 Varro
1249 4410 1342 4476 posuit
1364 4413 1396 4464 in

253 4503 371 4558 Actia:
399 4519 468 4574 quas
491 4499 601 4560 litteras
625 4500 672 4570 qui
695 4499 841 4556 uobiscum
859 4518 898 4566 ‚ex
921 4498 1031 4572 integro
1056 4496 1235 4571 octimbris]
1259 4497 1395 4558 vocabulo
