<?xml version="1.0" encoding="UTF-8"?>
<!DOCTYPE html PUBLIC "-//W3C//DTD XHTML 1.0 Transitional//EN"
    "http://www.w3.org/TR/xhtml1/DTD/xhtml1-transitional.dtd">
<html xmlns="http://www.w3.org/1999/xhtml" xml:lang="en" lang="en">
 <head>
  <title>
</title>
<meta http-equiv="Content-Type" content="text/html;charset=utf-8" />
  <meta name='ocr-system' content='tesseract 3.04.00' />
  <meta name='ocr-capabilities' content='ocr_page ocr_carea ocr_par ocr_line ocrx_word'/>
</head>
<body>
  <div class='ocr_page' id='page_1' title='image "./fridericiritsch09wachgoog_0571.png"; bbox 0 0 3288 5100; ppageno 0'>
   <div class='ocr_carea' id='block_1_1' title="bbox 287 329 1102 398">
    <p class='ocr_par' dir='ltr' id='par_1_1' title="bbox 287 329 1102 398">
     <span class='ocr_line' id='line_1_1' title="bbox 287 329 1102 398; baseline 0.005 -4"><span class='ocrx_word' id='word_1_1' title='bbox 287 329 354 394; x_wconf 83' lang='lat'>544</span> <span class='ocrx_word' id='word_1_2' title='bbox 615 351 731 396; x_wconf 81' lang='lat' dir='ltr'>uaeas</span> <span class='ocrx_word' id='word_1_3' title='bbox 754 332 899 398; x_wconf 74' lang='lat' dir='ltr'>vaaao’s</span> <span class='ocrx_word' id='word_1_4' title='bbox 924 351 1102 398; x_wconf 76' lang='lat' dir='ltr'>rusoruvn</span> 
     </span>
    </p>
   </div>
   <div class='ocr_carea' id='block_1_2' title="bbox 283 489 1433 2476">
    <p class='ocr_par' dir='ltr' id='par_1_2' title="bbox 283 489 1433 2476">
     <span class='ocr_line' id='line_1_2' title="bbox 284 489 1433 580; baseline 0.004 -26"><span class='ocrx_word' id='word_1_5' title='bbox 284 489 295 562; x_wconf 72' lang='lat' dir='ltr'>t</span> <span class='ocrx_word' id='word_1_6' title='bbox 299 492 407 556; x_wconf 78' lang='lat' dir='ltr'>traditi</span> <span class='ocrx_word' id='word_1_7' title='bbox 434 491 469 556; x_wconf 91' lang='grc' dir='ltr'>Ο.</span> <span class='ocrx_word' id='word_1_8' title='bbox 492 492 612 558; x_wconf 79' lang='lat' dir='ltr'>Mulier</span> <span class='ocrx_word' id='word_1_9' title='bbox 640 493 792 559; x_wconf 84' lang='lat' dir='ltr'>enchirid.</span> <span class='ocrx_word' id='word_1_10' title='bbox 817 495 903 559; x_wconf 89' lang='lat' dir='ltr'>arch.</span> <span class='ocrx_word' id='word_1_11' title='bbox 927 496 946 575; x_wconf 60' lang='grc' dir='ltr'>ὅ</span> <span class='ocrx_word' id='word_1_12' title='bbox 969 494 1044 557; x_wconf 83' lang='grc'><strong>420.</strong></span> <span class='ocrx_word' id='word_1_13' title='bbox 1068 491 1104 580; x_wconf 82' lang='lat'>4)</span> <span class='ocrx_word' id='word_1_14' title='bbox 1133 493 1255 578; x_wconf 87' lang='lat' dir='ltr'>vultus,</span> <span class='ocrx_word' id='word_1_15' title='bbox 1283 494 1367 558; x_wconf 87' lang='lat' dir='ltr'>sicut</span> <span class='ocrx_word' id='word_1_16' title='bbox 1396 495 1433 559; x_wconf 92' lang='lat' dir='ltr'>in</span> 
     </span>
     <span class='ocr_line' id='line_1_3' title="bbox 284 596 1430 685; baseline 0.003 -24"><span class='ocrx_word' id='word_1_17' title='bbox 284 596 427 664; x_wconf 83' lang='lat' dir='ltr'>Homero</span> <span class='ocrx_word' id='word_1_18' title='bbox 464 599 590 664; x_wconf 84' lang='lat' dir='ltr'>evenit&#39;</span> <span class='ocrx_word' id='word_1_19' title='bbox 629 638 672 644; x_wconf 94' lang='lat'>—</span> <span class='ocrx_word' id='word_1_20' title='bbox 707 600 772 664; x_wconf 85' lang='lat' dir='ltr'>fuit</span> <span class='ocrx_word' id='word_1_21' title='bbox 808 601 935 685; x_wconf 90' lang='lat' dir='ltr'>quando</span> <span class='ocrx_word' id='word_1_22' title='bbox 973 599 1231 684; x_wconf 88' lang='lat' dir='ltr'>quattuordecim</span> <span class='ocrx_word' id='word_1_23' title='bbox 1268 600 1430 685; x_wconf 75' lang='lat' dir='ltr'>imagines</span> 
     </span>
     <span class='ocr_line' id='line_1_4' title="bbox 284 704 1430 790; baseline 0.003 -23"><span class='ocrx_word' id='word_1_24' title='bbox 284 704 451 790; x_wconf 87' lang='lat' dir='ltr'>isagogieo</span> <span class='ocrx_word' id='word_1_25' title='bbox 475 706 560 770; x_wconf 90' lang='lat' dir='ltr'>libro</span> <span class='ocrx_word' id='word_1_26' title='bbox 584 706 768 790; x_wconf 87' lang='lat' dir='ltr'>complexas</span> <span class='ocrx_word' id='word_1_27' title='bbox 792 729 830 770; x_wconf 89' lang='lat' dir='ltr'>ex</span> <span class='ocrx_word' id='word_1_28' title='bbox 854 707 969 770; x_wconf 91' lang='lat' dir='ltr'>horum</span> <span class='ocrx_word' id='word_1_29' title='bbox 993 727 1127 770; x_wconf 90' lang='lat' dir='ltr'>numero</span> <span class='ocrx_word' id='word_1_30' title='bbox 1150 706 1251 770; x_wconf 88' lang='lat' dir='ltr'>fuisse</span> <span class='ocrx_word' id='word_1_31' title='bbox 1273 706 1368 771; x_wconf 89' lang='lat' dir='ltr'>nobis</span> <span class='ocrx_word' id='word_1_32' title='bbox 1393 707 1430 770; x_wconf 90' lang='lat' dir='ltr'>in</span> 
     </span>
     <span class='ocr_line' id='line_1_5' title="bbox 284 812 1433 896; baseline 0.002 -22"><span class='ocrx_word' id='word_1_33' title='bbox 284 816 425 876; x_wconf 88' lang='lat' dir='ltr'>mentem</span> <span class='ocrx_word' id='word_1_34' title='bbox 450 813 587 896; x_wconf 84' lang='lat' dir='ltr'>veniret,</span> <span class='ocrx_word' id='word_1_35' title='bbox 615 814 699 896; x_wconf 92' lang='lat' dir='ltr'>quod</span> <span class='ocrx_word' id='word_1_36' title='bbox 722 817 833 878; x_wconf 87' lang='lat' dir='ltr'>tamen</span> <span class='ocrx_word' id='word_1_37' title='bbox 856 814 953 877; x_wconf 90' lang='lat' dir='ltr'>aliter</span> <span class='ocrx_word' id='word_1_38' title='bbox 976 835 1009 877; x_wconf 91' lang='lat' dir='ltr'>se</span> <span class='ocrx_word' id='word_1_39' title='bbox 1033 812 1154 878; x_wconf 88' lang='lat' dir='ltr'>habere</span> <span class='ocrx_word' id='word_1_40' title='bbox 1178 814 1228 877; x_wconf 86' lang='lat' dir='ltr'>vel</span> <span class='ocrx_word' id='word_1_41' title='bbox 1256 817 1433 896; x_wconf 88' lang='lat' dir='ltr'>propterea</span> 
     </span>
     <span class='ocr_line' id='line_1_6' title="bbox 285 919 1430 1004; baseline 0.002 -22"><span class='ocrx_word' id='word_1_42' title='bbox 285 923 421 1002; x_wconf 85' lang='lat' dir='ltr'>constat,</span> <span class='ocrx_word' id='word_1_43' title='bbox 445 919 530 1004; x_wconf 90' lang='lat' dir='ltr'>quod</span> <span class='ocrx_word' id='word_1_44' title='bbox 555 921 621 983; x_wconf 89' lang='lat' dir='ltr'>iam</span> <span class='ocrx_word' id='word_1_45' title='bbox 641 923 766 1003; x_wconf 91' lang='lat' dir='ltr'>septem</span> <span class='ocrx_word' id='word_1_46' title='bbox 785 941 878 1004; x_wconf 87' lang='lat' dir='ltr'>reges</span> <span class='ocrx_word' id='word_1_47' title='bbox 897 919 1037 983; x_wconf 89' lang='lat' dir='ltr'>Romani</span> <span class='ocrx_word' id='word_1_48' title='bbox 1061 923 1093 983; x_wconf 88' lang='lat' dir='ltr'>et</span> <span class='ocrx_word' id='word_1_49' title='bbox 1116 924 1241 1003; x_wconf 79' lang='lat' dir='ltr'><strong>septem</strong></span> <span class='ocrx_word' id='word_1_50' title='bbox 1266 921 1430 1003; x_wconf 88' lang='lat' dir='ltr'>sapientes</span> 
     </span>
     <span class='ocr_line' id='line_1_7' title="bbox 284 1024 1430 1110; baseline 0.002 -23"><span class='ocrx_word' id='word_1_51' title='bbox 284 1024 370 1088; x_wconf 92' lang='lat' dir='ltr'>haud</span> <span class='ocrx_word' id='word_1_52' title='bbox 398 1026 495 1090; x_wconf 90' lang='lat' dir='ltr'>dubie</span> <span class='ocrx_word' id='word_1_53' title='bbox 524 1048 596 1090; x_wconf 92' lang='lat' dir='ltr'>eum</span> <span class='ocrx_word' id='word_1_54' title='bbox 619 1049 788 1090; x_wconf 91' lang='lat' dir='ltr'>numerum</span> <span class='ocrx_word' id='word_1_55' title='bbox 818 1027 996 1110; x_wconf 83' lang='lat' dir='ltr'>explerent,</span> <span class='ocrx_word' id='word_1_56' title='bbox 1022 1047 1127 1110; x_wconf 91' lang='lat' dir='ltr'>neque</span> <span class='ocrx_word' id='word_1_57' title='bbox 1150 1025 1306 1110; x_wconf 85' lang='lat' dir='ltr'>Homero,</span> <span class='ocrx_word' id='word_1_58' title='bbox 1333 1048 1430 1110; x_wconf 90' lang='lat' dir='ltr'>quem</span> 
     </span>
     <span class='ocr_line' id='line_1_8' title="bbox 285 1130 1431 1216; baseline 0.002 -24"><span class='ocrx_word' id='word_1_59' title='bbox 285 1130 414 1194; x_wconf 90' lang='lat' dir='ltr'>illarum</span> <span class='ocrx_word' id='word_1_60' title='bbox 434 1153 549 1216; x_wconf 82' lang='lat' dir='ltr'>agmen</span> <span class='ocrx_word' id='word_1_61' title='bbox 569 1133 696 1197; x_wconf 81' lang='lat' dir='ltr'>duxisse</span> <span class='ocrx_word' id='word_1_62' title='bbox 715 1134 808 1197; x_wconf 89' lang='lat' dir='ltr'>nobis</span> <span class='ocrx_word' id='word_1_63' title='bbox 827 1133 1056 1216; x_wconf 74' lang='lat' dir='ltr'>persuasimus,</span> <span class='ocrx_word' id='word_1_64' title='bbox 1079 1133 1169 1196; x_wconf 90' lang='lat' dir='ltr'>locus</span> <span class='ocrx_word' id='word_1_65' title='bbox 1189 1132 1315 1196; x_wconf 88' lang='lat' dir='ltr'>futurus</span> <span class='ocrx_word' id='word_1_66' title='bbox 1335 1135 1431 1196; x_wconf 82' lang='lat' dir='ltr'>esset</span> 
     </span>
     <span class='ocr_line' id='line_1_9' title="bbox 283 1235 1430 1322; baseline 0.002 -23"><span class='ocrx_word' id='word_1_67' title='bbox 283 1235 321 1300; x_wconf 87' lang='lat' dir='ltr'>In</span> <span class='ocrx_word' id='word_1_68' title='bbox 346 1259 384 1300; x_wconf 86' lang='lat' dir='ltr'>ea</span> <span class='ocrx_word' id='word_1_69' title='bbox 408 1260 482 1303; x_wconf 89' lang='lat' dir='ltr'>vero</span> <span class='ocrx_word' id='word_1_70' title='bbox 507 1241 668 1304; x_wconf 90' lang='lat' dir='ltr'>sententia</span> <span class='ocrx_word' id='word_1_71' title='bbox 690 1239 784 1304; x_wconf 89' lang='lat' dir='ltr'>nobis</span> <span class='ocrx_word' id='word_1_72' title='bbox 810 1239 1077 1322; x_wconf 90' lang='lat' dir='ltr'>perseverandum</span> <span class='ocrx_word' id='word_1_73' title='bbox 1101 1239 1175 1322; x_wconf 89' lang='lat' dir='ltr'>erit,</span> <span class='ocrx_word' id='word_1_74' title='bbox 1203 1245 1239 1302; x_wconf 92' lang='lat' dir='ltr'>ut</span> <span class='ocrx_word' id='word_1_75' title='bbox 1260 1259 1363 1322; x_wconf 87' lang='lat' dir='ltr'>neque</span> <span class='ocrx_word' id='word_1_76' title='bbox 1388 1237 1430 1303; x_wconf 93' lang='lat' dir='ltr'>ab</span> 
     </span>
     <span class='ocr_line' id='line_1_10' title="bbox 284 1344 1428 1430; baseline 0.003 -24"><span class='ocrx_word' id='word_1_77' title='bbox 284 1344 442 1428; x_wconf 80' lang='lat' dir='ltr'>omnibuS,</span> <span class='ocrx_word' id='word_1_78' title='bbox 466 1368 603 1428; x_wconf 91' lang='lat' dir='ltr'>quorum</span> <span class='ocrx_word' id='word_1_79' title='bbox 627 1349 721 1411; x_wconf 89' lang='lat' dir='ltr'>fictae</span> <span class='ocrx_word' id='word_1_80' title='bbox 745 1349 872 1410; x_wconf 89' lang='lat' dir='ltr'>tantum</span> <span class='ocrx_word' id='word_1_81' title='bbox 896 1367 965 1409; x_wconf 88' lang='lat' dir='ltr'>esse</span> <span class='ocrx_word' id='word_1_82' title='bbox 989 1349 1140 1429; x_wconf 74' lang='lat' dir='ltr'>poterant</span> <span class='ocrx_word' id='word_1_83' title='bbox 1161 1345 1329 1430; x_wconf 74' lang='lat' dir='ltr'>imagines,</span> <span class='ocrx_word' id='word_1_84' title='bbox 1354 1345 1428 1410; x_wconf 89' lang='lat' dir='ltr'>abs-</span> 
     </span>
     <span class='ocr_line' id='line_1_11' title="bbox 283 1449 1430 1538; baseline 0.003 -26"><span class='ocrx_word' id='word_1_85' title='bbox 283 1449 431 1534; x_wconf 76' lang='lat' dir='ltr'>tinuerit,</span> <span class='ocrx_word' id='word_1_86' title='bbox 459 1452 492 1515; x_wconf 93' lang='lat' dir='ltr'>id</span> <span class='ocrx_word' id='word_1_87' title='bbox 517 1454 601 1538; x_wconf 93' lang='lat' dir='ltr'>quod</span> <span class='ocrx_word' id='word_1_88' title='bbox 615 1455 657 1517; x_wconf 75' lang='lat' dir='ltr'>in</span> <span class='ocrx_word' id='word_1_89' title='bbox 686 1452 829 1517; x_wconf 86' lang='lat' dir='ltr'>Homero</span> <span class='ocrx_word' id='word_1_90' title='bbox 852 1452 975 1516; x_wconf 87' lang='lat' dir='ltr'>factum</span> <span class='ocrx_word' id='word_1_91' title='bbox 999 1475 1069 1516; x_wconf 90' lang='lat' dir='ltr'>esse</span> <span class='ocrx_word' id='word_1_92' title='bbox 1093 1456 1197 1536; x_wconf 89' lang='lat' dir='ltr'>patet,</span> <span class='ocrx_word' id='word_1_93' title='bbox 1225 1457 1259 1516; x_wconf 85' lang='lat' dir='ltr'>et</span> <span class='ocrx_word' id='word_1_94' title='bbox 1281 1452 1322 1516; x_wconf 89' lang='lat' dir='ltr'>ad</span> <span class='ocrx_word' id='word_1_95' title='bbox 1345 1451 1430 1516; x_wconf 87' lang='lat' dir='ltr'>alios</span> 
     </span>
     <span class='ocr_line' id='line_1_12' title="bbox 285 1557 1432 1644; baseline 0.001 -25"><span class='ocrx_word' id='word_1_96' title='bbox 285 1557 485 1640; x_wconf 89' lang='lat' dir='ltr'>recipiendos</span> <span class='ocrx_word' id='word_1_97' title='bbox 510 1564 641 1644; x_wconf 89' lang='lat' dir='ltr'>propter</span> <span class='ocrx_word' id='word_1_98' title='bbox 659 1560 769 1624; x_wconf 86' lang='lat' dir='ltr'>vultus</span> <span class='ocrx_word' id='word_1_99' title='bbox 789 1581 899 1623; x_wconf 89' lang='lat' dir='ltr'>eorum</span> <span class='ocrx_word' id='word_1_100' title='bbox 923 1558 1069 1624; x_wconf 83' lang='lat' dir='ltr'>servatos</span> <span class='ocrx_word' id='word_1_101' title='bbox 1088 1581 1122 1623; x_wconf 92' lang='lat' dir='ltr'>se</span> <span class='ocrx_word' id='word_1_102' title='bbox 1146 1558 1218 1623; x_wconf 89' lang='lat' dir='ltr'>duci</span> <span class='ocrx_word' id='word_1_103' title='bbox 1242 1579 1358 1642; x_wconf 90' lang='lat' dir='ltr'>passus</span> <span class='ocrx_word' id='word_1_104' title='bbox 1377 1558 1432 1640; x_wconf 91' lang='lat' dir='ltr'>sit,</span> 
     </span>
     <span class='ocr_line' id='line_1_13' title="bbox 285 1665 1430 1751; baseline 0.002 -25"><span class='ocrx_word' id='word_1_105' title='bbox 285 1665 456 1749; x_wconf 89' lang='lat' dir='ltr'>utrobique</span> <span class='ocrx_word' id='word_1_106' title='bbox 489 1671 596 1730; x_wconf 88' lang='lat' dir='ltr'>autem</span> <span class='ocrx_word' id='word_1_107' title='bbox 628 1689 694 1731; x_wconf 90' lang='lat' dir='ltr'>non</span> <span class='ocrx_word' id='word_1_108' title='bbox 726 1671 846 1732; x_wconf 90' lang='lat' dir='ltr'>temere</span> <span class='ocrx_word' id='word_1_109' title='bbox 880 1667 999 1751; x_wconf 82' lang='lat' dir='ltr'>egisse,</span> <span class='ocrx_word' id='word_1_110' title='bbox 1036 1667 1090 1730; x_wconf 92' lang='lat' dir='ltr'>sed</span> <span class='ocrx_word' id='word_1_111' title='bbox 1124 1665 1155 1728; x_wconf 90' lang='lat' dir='ltr'>in</span> <span class='ocrx_word' id='word_1_112' title='bbox 1190 1665 1269 1736; x_wconf 84' lang='lat' dir='ltr'>artis</span> <span class='ocrx_word' id='word_1_113' title='bbox 1302 1685 1430 1748; x_wconf 90' lang='lat' dir='ltr'>quoque</span> 
     </span>
     <span class='ocr_line' id='line_1_14' title="bbox 285 1769 1431 1856; baseline -0.002 -22"><span class='ocrx_word' id='word_1_114' title='bbox 285 1771 436 1852; x_wconf 89' lang='lat' dir='ltr'>operibus</span> <span class='ocrx_word' id='word_1_115' title='bbox 470 1772 627 1856; x_wconf 85' lang='lat' dir='ltr'>eligendis</span> <span class='ocrx_word' id='word_1_116' title='bbox 661 1772 773 1837; x_wconf 89' lang='lat' dir='ltr'>critica</span> <span class='ocrx_word' id='word_1_117' title='bbox 809 1772 964 1836; x_wconf 73' lang='lat' dir='ltr'>facultate</span> <span class='ocrx_word' id='word_1_118' title='bbox 997 1771 1186 1836; x_wconf 82' lang='lat' dir='ltr'>excelluisse</span> <span class='ocrx_word' id='word_1_119' title='bbox 1218 1769 1431 1834; x_wconf 84' lang='lat' dir='ltr'>existimetur.</span> 
     </span>
     <span class='ocr_line' id='line_1_15' title="bbox 286 1875 1432 1962; baseline 0.001 -23"><span class='ocrx_word' id='word_1_120' title='bbox 286 1875 354 1950; x_wconf 80' lang='lat' dir='ltr'>Quo</span> <span class='ocrx_word' id='word_1_121' title='bbox 383 1879 487 1962; x_wconf 87' lang='lat' dir='ltr'>magis</span> <span class='ocrx_word' id='word_1_122' title='bbox 516 1879 646 1944; x_wconf 90' lang='lat' dir='ltr'>illorum</span> <span class='ocrx_word' id='word_1_123' title='bbox 680 1878 837 1943; x_wconf 90' lang='lat' dir='ltr'>librorum</span> <span class='ocrx_word' id='word_1_124' title='bbox 869 1880 1027 1944; x_wconf 87' lang='lat' dir='ltr'>iacturam</span> <span class='ocrx_word' id='word_1_125' title='bbox 1057 1879 1261 1961; x_wconf 90' lang='lat' dir='ltr'>deploremus</span> <span class='ocrx_word' id='word_1_126' title='bbox 1290 1879 1432 1960; x_wconf 87' lang='lat' dir='ltr'>oportet,</span> 
     </span>
     <span class='ocr_line' id='line_1_16' title="bbox 285 1982 1431 2070; baseline 0.002 -26"><span class='ocrx_word' id='word_1_127' title='bbox 285 1982 339 2063; x_wconf 89' lang='lat' dir='ltr'>qui</span> <span class='ocrx_word' id='word_1_128' title='bbox 369 1983 397 2046; x_wconf 87' lang='lat' dir='ltr'>si</span> <span class='ocrx_word' id='word_1_129' title='bbox 425 1983 544 2067; x_wconf 85' lang='lat' dir='ltr'>integri</span> <span class='ocrx_word' id='word_1_130' title='bbox 572 1990 732 2070; x_wconf 88' lang='lat' dir='ltr'>extarent,</span> <span class='ocrx_word' id='word_1_131' title='bbox 759 2006 824 2049; x_wconf 89' lang='lat' dir='ltr'>non</span> <span class='ocrx_word' id='word_1_132' title='bbox 853 1986 958 2049; x_wconf 90' lang='lat' dir='ltr'>solum</span> <span class='ocrx_word' id='word_1_133' title='bbox 987 1987 1116 2050; x_wconf 85' lang='lat' dir='ltr'>litterae</span> <span class='ocrx_word' id='word_1_134' title='bbox 1140 1983 1304 2048; x_wconf 85' lang='lat' dir='ltr'>Romanae</span> <span class='ocrx_word' id='word_1_135' title='bbox 1332 1987 1431 2067; x_wconf 88' lang='lat' dir='ltr'>atque</span> 
     </span>
     <span class='ocr_line' id='line_1_17' title="bbox 285 2087 1431 2177; baseline 0.001 -27"><span class='ocrx_word' id='word_1_136' title='bbox 285 2087 422 2152; x_wconf 88' lang='lat' dir='ltr'>historia</span> <span class='ocrx_word' id='word_1_137' title='bbox 453 2091 585 2174; x_wconf 86' lang='lat' dir='ltr'>antiqua</span> <span class='ocrx_word' id='word_1_138' title='bbox 613 2092 849 2177; x_wconf 87' lang='lat' dir='ltr'>amplissimum</span> <span class='ocrx_word' id='word_1_139' title='bbox 881 2093 1113 2157; x_wconf 89' lang='lat' dir='ltr'>incrementum</span> <span class='ocrx_word' id='word_1_140' title='bbox 1146 2089 1340 2174; x_wconf 79' lang='lat' dir='ltr'>acciperent,</span> <span class='ocrx_word' id='word_1_141' title='bbox 1373 2089 1431 2152; x_wconf 90' lang='lat' dir='ltr'>sed</span> 
     </span>
     <span class='ocr_line' id='line_1_18' title="bbox 285 2195 1430 2284; baseline 0.002 -26"><span class='ocrx_word' id='word_1_142' title='bbox 285 2195 365 2258; x_wconf 87' lang='lat' dir='ltr'>artis</span> <span class='ocrx_word' id='word_1_143' title='bbox 390 2218 516 2281; x_wconf 91' lang='lat' dir='ltr'>quoque</span> <span class='ocrx_word' id='word_1_144' title='bbox 541 2199 667 2284; x_wconf 87' lang='lat' dir='ltr'>veteris,</span> <span class='ocrx_word' id='word_1_145' title='bbox 691 2203 724 2262; x_wconf 92' lang='lat' dir='ltr'>et</span> <span class='ocrx_word' id='word_1_146' title='bbox 746 2200 848 2282; x_wconf 87' lang='lat' dir='ltr'>partis</span> <span class='ocrx_word' id='word_1_147' title='bbox 873 2199 1003 2284; x_wconf 85' lang='lat' dir='ltr'>quidem</span> <span class='ocrx_word' id='word_1_148' title='bbox 1027 2199 1126 2282; x_wconf 91' lang='lat' dir='ltr'>illius,</span> <span class='ocrx_word' id='word_1_149' title='bbox 1149 2199 1182 2261; x_wconf 90' lang='lat' dir='ltr'>iu</span> <span class='ocrx_word' id='word_1_150' title='bbox 1207 2219 1271 2280; x_wconf 90' lang='lat' dir='ltr'>qua</span> <span class='ocrx_word' id='word_1_151' title='bbox 1290 2196 1430 2260; x_wconf 85' lang='lat' dir='ltr'>maxime</span> 
     </span>
     <span class='ocr_line' id='line_1_19' title="bbox 285 2301 1431 2390; baseline 0.001 -25"><span class='ocrx_word' id='word_1_152' title='bbox 285 2301 516 2388; x_wconf 89' lang='lat' dir='ltr'>claudicamus,</span> <span class='ocrx_word' id='word_1_153' title='bbox 543 2309 765 2388; x_wconf 88' lang='lat' dir='ltr'>protomarum</span> <span class='ocrx_word' id='word_1_154' title='bbox 789 2306 860 2370; x_wconf 90' lang='lat' dir='ltr'>dico</span> <span class='ocrx_word' id='word_1_155' title='bbox 884 2305 1116 2390; x_wconf 85' lang='lat' dir='ltr'>cognitionem,</span> <span class='ocrx_word' id='word_1_156' title='bbox 1145 2302 1431 2386; x_wconf 89' lang='lat' dir='ltr'>exoptatissimum</span> 
     </span>
     <span class='ocr_line' id='line_1_20' title="bbox 284 2409 718 2476; baseline 0.016 -7"><span class='ocrx_word' id='word_1_157' title='bbox 284 2409 372 2472; x_wconf 89' lang='lat' dir='ltr'>nacti</span> <span class='ocrx_word' id='word_1_158' title='bbox 396 2430 539 2474; x_wconf 87' lang='lat' dir='ltr'>essemus</span> <span class='ocrx_word' id='word_1_159' title='bbox 562 2411 718 2476; x_wconf 92' lang='lat' dir='ltr'>columen.</span> 
     </span>
    </p>
   </div>
   <div class='ocr_carea' id='block_1_3' title="bbox 284 2777 1431 2975">
    <p class='ocr_par' dir='ltr' id='par_1_3' title="bbox 284 2777 1431 2975">
     <span class='ocr_line' id='line_1_21' title="bbox 284 2777 1431 2850; baseline 0.002 -8"><span class='ocrx_word' id='word_1_160' title='bbox 284 2777 340 2844; x_wconf 91' lang='lat' dir='ltr'>IV.</span> <span class='ocrx_word' id='word_1_161' title='bbox 381 2780 644 2849; x_wconf 78' lang='lat' dir='ltr'><strong>EPIMETRVM</strong></span> <span class='ocrx_word' id='word_1_162' title='bbox 677 2784 1010 2850; x_wconf 79' lang='lat' dir='ltr'><strong>DISPVTATIONIS</strong></span> <span class='ocrx_word' id='word_1_163' title='bbox 1043 2783 1102 2848; x_wconf 83' lang='lat' dir='ltr'>DE</span> <span class='ocrx_word' id='word_1_164' title='bbox 1133 2783 1176 2847; x_wconf 90' lang='lat' dir='ltr'>M.</span> <span class='ocrx_word' id='word_1_165' title='bbox 1207 2778 1431 2846; x_wconf 81' lang='lat' dir='ltr'><strong>VARRONIS</strong></span> 
     </span>
     <span class='ocr_line' id='line_1_22' title="bbox 396 2887 1318 2975; baseline 0 -23"><span class='ocrx_word' id='word_1_166' title='bbox 396 2889 711 2956; x_wconf 83' lang='lat' dir='ltr'><strong>HEBDOMADVM</strong></span> <span class='ocrx_word' id='word_1_167' title='bbox 744 2890 843 2956; x_wconf 81' lang='lat' dir='ltr'>SIVE</span> <span class='ocrx_word' id='word_1_168' title='bbox 873 2890 1102 2956; x_wconf 84' lang='lat' dir='ltr'><strong>IMAGINVM</strong></span> <span class='ocrx_word' id='word_1_169' title='bbox 1130 2887 1318 2975; x_wconf 60' lang='lat' dir='ltr'>ulamau.</span> 
     </span>
    </p>
   </div>
   <div class='ocr_carea' id='block_1_4' title="bbox 236 3045 1431 3454">
    <p class='ocr_par' dir='ltr' id='par_1_4' title="bbox 236 3045 1431 3454">
     <span class='ocr_line' id='line_1_23' title="bbox 236 3045 1431 3134; baseline 0 -25"><span class='ocrx_word' id='word_1_170' title='bbox 236 3071 274 3110; x_wconf 87' lang='lat'>111</span> <span class='ocrx_word' id='word_1_171' title='bbox 377 3045 522 3112; x_wconf 77' lang='lat' dir='ltr'>‘Viribus</span> <span class='ocrx_word' id='word_1_172' title='bbox 541 3049 654 3114; x_wconf 88' lang='lat' dir='ltr'>unitis&#39;</span> <span class='ocrx_word' id='word_1_173' title='bbox 677 3055 714 3115; x_wconf 92' lang='lat' dir='ltr'>ut</span> <span class='ocrx_word' id='word_1_174' title='bbox 732 3051 772 3115; x_wconf 92' lang='lat' dir='ltr'>ad</span> <span class='ocrx_word' id='word_1_175' title='bbox 792 3050 856 3115; x_wconf 88' lang='lat' dir='ltr'>alia</span> <span class='ocrx_word' id='word_1_176' title='bbox 879 3050 973 3134; x_wconf 87' lang='lat' dir='ltr'>bona,</span> <span class='ocrx_word' id='word_1_177' title='bbox 996 3051 1043 3114; x_wconf 90' lang='lat' dir='ltr'>ita</span> <span class='ocrx_word' id='word_1_178' title='bbox 1064 3049 1105 3114; x_wconf 92' lang='lat' dir='ltr'>ad</span> <span class='ocrx_word' id='word_1_179' title='bbox 1123 3069 1284 3114; x_wconf 90' lang='lat' dir='ltr'>summum</span> <span class='ocrx_word' id='word_1_180' title='bbox 1307 3047 1431 3110; x_wconf 92' lang='lat' dir='ltr'>bonum</span> 
     </span>
     <span class='ocr_line' id='line_1_24' title="bbox 284 3153 1430 3240; baseline -0.003 -23"><span class='ocrx_word' id='word_1_181' title='bbox 284 3153 369 3237; x_wconf 92' lang='lat' dir='ltr'>quod</span> <span class='ocrx_word' id='word_1_182' title='bbox 398 3156 533 3220; x_wconf 87' lang='lat' dir='ltr'>veritate</span> <span class='ocrx_word' id='word_1_183' title='bbox 566 3157 749 3222; x_wconf 89' lang='lat' dir='ltr'>continetur</span> <span class='ocrx_word' id='word_1_184' title='bbox 779 3156 955 3240; x_wconf 85' lang='lat' dir='ltr'>perveniri,</span> <span class='ocrx_word' id='word_1_185' title='bbox 988 3179 1060 3220; x_wconf 94' lang='lat' dir='ltr'>cum</span> <span class='ocrx_word' id='word_1_186' title='bbox 1094 3155 1243 3239; x_wconf 88' lang='lat' dir='ltr'>plurimis</span> <span class='ocrx_word' id='word_1_187' title='bbox 1275 3153 1309 3217; x_wconf 92' lang='lat' dir='ltr'>in</span> <span class='ocrx_word' id='word_1_188' title='bbox 1342 3153 1430 3216; x_wconf 92' lang='lat' dir='ltr'>omni</span> 
     </span>
     <span class='ocr_line' id='line_1_25' title="bbox 284 3259 1431 3346; baseline -0.001 -24"><span class='ocrx_word' id='word_1_189' title='bbox 284 3259 466 3326; x_wconf 89' lang='lat' dir='ltr'>litterarum</span> <span class='ocrx_word' id='word_1_190' title='bbox 490 3282 607 3346; x_wconf 85' lang='lat' dir='ltr'>genere</span> <span class='ocrx_word' id='word_1_191' title='bbox 631 3263 832 3329; x_wconf 89' lang='lat' dir='ltr'>documentis</span> <span class='ocrx_word' id='word_1_192' title='bbox 856 3263 1074 3346; x_wconf 89' lang='lat' dir='ltr'>intellegitur,</span> <span class='ocrx_word' id='word_1_193' title='bbox 1097 3265 1166 3325; x_wconf 90' lang='lat' dir='ltr'>tum</span> <span class='ocrx_word' id='word_1_194' title='bbox 1191 3259 1225 3322; x_wconf 91' lang='lat' dir='ltr'>in</span> <span class='ocrx_word' id='word_1_195' title='bbox 1244 3281 1282 3323; x_wconf 89' lang='lat' dir='ltr'>ea</span> <span class='ocrx_word' id='word_1_196' title='bbox 1305 3279 1431 3346; x_wconf 86' lang='lat' dir='ltr'>caussa,</span> 
     </span>
     <span class='ocr_line' id='line_1_26' title="bbox 284 3363 1431 3454; baseline -0.003 -24"><span class='ocrx_word' id='word_1_197' title='bbox 284 3389 379 3450; x_wconf 89' lang='lat' dir='ltr'>quarn</span> <span class='ocrx_word' id='word_1_198' title='bbox 403 3389 461 3451; x_wconf 91' lang='lat' dir='ltr'>per</span> <span class='ocrx_word' id='word_1_199' title='bbox 484 3371 794 3454; x_wconf 88' lang='lat' dir='ltr'>antepaenultimam</span> <span class='ocrx_word' id='word_1_200' title='bbox 823 3367 872 3454; x_wconf 87' lang='lat' dir='ltr'>(si</span> <span class='ocrx_word' id='word_1_201' title='bbox 889 3367 1086 3440; x_wconf 23' lang='lat' dir='ltr'>modoxlicet</span> <span class='ocrx_word' id='word_1_202' title='bbox 1109 3389 1182 3432; x_wconf 91' lang='lat' dir='ltr'>cum</span> <span class='ocrx_word' id='word_1_203' title='bbox 1205 3363 1431 3450; x_wconf 88' lang='lat' dir='ltr'>grammaticis</span> 
     </span>
    </p>
   </div>
   <div class='ocr_carea' id='block_1_5' title="bbox 283 3556 1432 4514">
    <p class='ocr_par' dir='ltr' id='par_1_5' title="bbox 283 3556 1432 4514">
     <span class='ocr_line' id='line_1_27' title="bbox 356 3556 1429 3632; baseline -0.006 -16"><span class='ocrx_word' id='word_1_204' title='bbox 356 3565 381 3629; x_wconf 79' lang='lat'>*)</span> <span class='ocrx_word' id='word_1_205' title='bbox 410 3561 597 3632; x_wconf 88' lang='lat' dir='ltr'>[Prooemium</span> <span class='ocrx_word' id='word_1_206' title='bbox 626 3563 728 3618; x_wconf 88' lang='lat' dir='ltr'>indicis</span> <span class='ocrx_word' id='word_1_207' title='bbox 755 3563 912 3618; x_wconf 79' lang='lat' dir='ltr'>scholarum</span> <span class='ocrx_word' id='word_1_208' title='bbox 943 3560 1110 3614; x_wconf 85' lang='lat' dir='ltr'>aestivarum</span> <span class='ocrx_word' id='word_1_209' title='bbox 1141 3556 1328 3612; x_wconf 89' lang='lat' dir='ltr'>Bonnensium</span> <span class='ocrx_word' id='word_1_210' title='bbox 1362 3557 1429 3610; x_wconf 85' lang='lat' dir='ltr'>anni</span> 
     </span>
     <span class='ocr_line' id='line_1_28' title="bbox 285 3645 1430 3720; baseline -0.01 -12"><span class='ocrx_word' id='word_1_211' title='bbox 285 3649 546 3714; x_wconf 75' lang='lat' dir='ltr'>clotooocuvln,</span> <span class='ocrx_word' id='word_1_212' title='bbox 569 3652 670 3706; x_wconf 86' lang='lat' dir='ltr'>ilerum</span> <span class='ocrx_word' id='word_1_213' title='bbox 689 3651 717 3705; x_wconf 87' lang='lat' dir='ltr'>iu</span> <span class='ocrx_word' id='word_1_214' title='bbox 742 3651 885 3720; x_wconf 88' lang='lat' dir='ltr'>publicum</span> <span class='ocrx_word' id='word_1_215' title='bbox 911 3649 1040 3704; x_wconf 87' lang='lat' dir='ltr'>emissum</span> <span class='ocrx_word' id='word_1_216' title='bbox 1063 3649 1092 3701; x_wconf 89' lang='lat' dir='ltr'>in</span> <span class='ocrx_word' id='word_1_217' title='bbox 1113 3647 1339 3701; x_wconf 80' lang='lat' dir='ltr'>‘Prooemiomm</span> <span class='ocrx_word' id='word_1_218' title='bbox 1357 3645 1430 3698; x_wconf 92' lang='lat' dir='ltr'>Bon·</span> 
     </span>
     <span class='ocr_line' id='line_1_29' title="bbox 284 3732 1430 3808; baseline -0.005 -15"><span class='ocrx_word' id='word_1_219' title='bbox 284 3741 409 3794; x_wconf 83' lang='lat' dir='ltr'>nausiam</span> <span class='ocrx_word' id='word_1_220' title='bbox 428 3739 547 3794; x_wconf 84' lang='lat' dir='ltr'>decade&#39;</span> <span class='ocrx_word' id='word_1_221' title='bbox 573 3740 705 3808; x_wconf 77' lang='lat' dir='ltr'>(berolini</span> <span class='ocrx_word' id='word_1_222' title='bbox 724 3758 748 3795; x_wconf 90' lang='lat' dir='ltr'>a.</span> <span class='ocrx_word' id='word_1_223' title='bbox 768 3737 1002 3806; x_wconf 77' lang='lat' dir='ltr'>ololocoouxr)</span> <span class='ocrx_word' id='word_1_224' title='bbox 1019 3756 1047 3802; x_wconf 83' lang='lat' dir='ltr'>n.</span> <span class='ocrx_word' id='word_1_225' title='bbox 1063 3737 1123 3803; x_wconf 92' lang='lat' dir='ltr'>Vll,</span> <span class='ocrx_word' id='word_1_226' title='bbox 1144 3737 1192 3790; x_wconf 91' lang='lat' dir='ltr'>ubi</span> <span class='ocrx_word' id='word_1_227' title='bbox 1207 3738 1235 3790; x_wconf 87' lang='lat' dir='ltr'>in</span> <span class='ocrx_word' id='word_1_228' title='bbox 1255 3732 1430 3804; x_wconf 80' lang='lat' dir='ltr'>praelatione</span> 
     </span>
     <span class='ocr_line' id='line_1_30' title="bbox 284 3821 1430 3896; baseline -0.006 -15"><span class='ocrx_word' id='word_1_229' title='bbox 284 3829 353 3882; x_wconf 86' lang='lat' dir='ltr'>haec</span> <span class='ocrx_word' id='word_1_230' title='bbox 373 3828 477 3895; x_wconf 86' lang='lat' dir='ltr'>scripta</span> <span class='ocrx_word' id='word_1_231' title='bbox 495 3830 571 3882; x_wconf 84' lang='lat' dir='ltr'>sunt:</span> <span class='ocrx_word' id='word_1_232' title='bbox 593 3827 762 3882; x_wconf 79' lang='lat' dir='ltr'>‘Prooemiie</span> <span class='ocrx_word' id='word_1_233' title='bbox 782 3829 819 3881; x_wconf 92' lang='lat' dir='ltr'>Vl</span> <span class='ocrx_word' id='word_1_234' title='bbox 838 3833 867 3882; x_wconf 89' lang='lat' dir='ltr'>et</span> <span class='ocrx_word' id='word_1_235' title='bbox 882 3827 932 3880; x_wconf 89' lang='lat' dir='ltr'>Vll</span> <span class='ocrx_word' id='word_1_236' title='bbox 952 3827 997 3896; x_wconf 87' lang='lat' dir='ltr'>(de</span> <span class='ocrx_word' id='word_1_237' title='bbox 1018 3824 1148 3879; x_wconf 86' lang='lat' dir='ltr'>Varronis</span> <span class='ocrx_word' id='word_1_238' title='bbox 1163 3823 1319 3893; x_wconf 82' lang='lat' dir='ltr'>imaginum</span> <span class='ocrx_word' id='word_1_239' title='bbox 1341 3821 1430 3888; x_wconf 87' lang='lat' dir='ltr'>libris)</span> 
     </span>
     <span class='ocr_line' id='line_1_31' title="bbox 284 3911 1430 3984; baseline -0.003 -18"><span class='ocrx_word' id='word_1_240' title='bbox 284 3917 442 3984; x_wconf 79' lang='lat' dir='ltr'>disceptata</span> <span class='ocrx_word' id='word_1_241' title='bbox 455 3915 536 3969; x_wconf 88' lang='lat' dir='ltr'>valde</span> <span class='ocrx_word' id='word_1_242' title='bbox 552 3916 660 3970; x_wconf 85' lang='lat' dir='ltr'>lubrica</span> <span class='ocrx_word' id='word_1_243' title='bbox 673 3913 809 3983; x_wconf 86' lang='lat' dir='ltr'>quaestio,</span> <span class='ocrx_word' id='word_1_244' title='bbox 829 3931 899 3982; x_wconf 88' lang='lat' dir='ltr'>quae</span> <span class='ocrx_word' id='word_1_245' title='bbox 914 3916 958 3968; x_wconf 88' lang='lat' dir='ltr'>est</span> <span class='ocrx_word' id='word_1_246' title='bbox 971 3915 1006 3966; x_wconf 90' lang='lat' dir='ltr'>de</span> <span class='ocrx_word' id='word_1_247' title='bbox 1023 3913 1179 3982; x_wconf 83' lang='lat' dir='ltr'>Imaginum</span> <span class='ocrx_word' id='word_1_248' title='bbox 1194 3911 1430 3966; x_wconf 83' lang='lat' dir='ltr'>Varronianarum</span> 
     </span>
     <span class='ocr_line' id='line_1_32' title="bbox 285 3998 1431 4074; baseline -0.006 -16"><span class='ocrx_word' id='word_1_249' title='bbox 285 4005 437 4074; x_wconf 88' lang='lat' dir='ltr'>partitione</span> <span class='ocrx_word' id='word_1_250' title='bbox 457 4007 540 4071; x_wconf 90' lang='lat' dir='ltr'>atque</span> <span class='ocrx_word' id='word_1_251' title='bbox 560 4003 758 4072; x_wconf 86' lang='lat' dir='ltr'>dispositione,</span> <span class='ocrx_word' id='word_1_252' title='bbox 778 4006 914 4072; x_wconf 88' lang='lat' dir='ltr'>quantum</span> <span class='ocrx_word' id='word_1_253' title='bbox 933 4019 1006 4056; x_wconf 88' lang='lat' dir='ltr'>nunc</span> <span class='ocrx_word' id='word_1_254' title='bbox 1025 4002 1104 4056; x_wconf 81' lang='lat' dir='ltr'>noris</span> <span class='ocrx_word' id='word_1_255' title='bbox 1124 4001 1219 4070; x_wconf 87' lang='lat' dir='ltr'>eisque</span> <span class='ocrx_word' id='word_1_256' title='bbox 1239 3998 1431 4053; x_wconf 74' lang='lat' dir='ltr'>subtilissimis</span> 
     </span>
     <span class='ocr_line' id='line_1_33' title="bbox 283 4088 1431 4163; baseline -0.005 -15"><span class='ocrx_word' id='word_1_257' title='bbox 283 4093 520 4163; x_wconf 83' lang='lat' dir='ltr'>disputationibus</span> <span class='ocrx_word' id='word_1_258' title='bbox 536 4091 691 4158; x_wconf 84' lang='lat' dir='ltr'>Merclrliui,</span> <span class='ocrx_word' id='word_1_259' title='bbox 712 4091 834 4158; x_wconf 85' lang='lat' dir='ltr'>Bruanii,</span> <span class='ocrx_word' id='word_1_260' title='bbox 853 4089 987 4144; x_wconf 89' lang='lat' dir='ltr'>Vrliehsii</span> <span class='ocrx_word' id='word_1_261' title='bbox 1008 4089 1117 4159; x_wconf 86' lang='lat' dir='ltr'>debeat,</span> <span class='ocrx_word' id='word_1_262' title='bbox 1136 4107 1192 4144; x_wconf 88' lang='lat' dir='ltr'>non</span> <span class='ocrx_word' id='word_1_263' title='bbox 1211 4089 1269 4142; x_wconf 89' lang='lat' dir='ltr'>siue</span> <span class='ocrx_word' id='word_1_264' title='bbox 1284 4088 1431 4157; x_wconf 83' lang='lat' dir='ltr'>voluptate</span> 
     </span>
     <span class='ocr_line' id='line_1_34' title="bbox 284 4177 1431 4252; baseline -0.008 -14"><span class='ocrx_word' id='word_1_265' title='bbox 284 4181 447 4252; x_wconf 85' lang='lat' dir='ltr'>cognovisse</span> <span class='ocrx_word' id='word_1_266' title='bbox 467 4177 640 4248; x_wconf 87' lang='lat' dir='ltr'>suspicamur</span> <span class='ocrx_word' id='word_1_267' title='bbox 663 4178 712 4248; x_wconf 91' lang='lat' dir='ltr'>qui</span> <span class='ocrx_word' id='word_1_268' title='bbox 735 4179 824 4233; x_wconf 89' lang='lat' dir='ltr'>musei</span> <span class='ocrx_word' id='word_1_269' title='bbox 847 4179 934 4232; x_wconf 83' lang='lat' dir='ltr'>Rhea.</span> <span class='ocrx_word' id='word_1_270' title='bbox 954 4181 973 4233; x_wconf 86' lang='lat' dir='ltr'>t.</span> <span class='ocrx_word' id='word_1_271' title='bbox 995 4177 1058 4232; x_wconf 87' lang='lat' dir='ltr'>Xlll</span> <span class='ocrx_word' id='word_1_272' title='bbox 1077 4195 1103 4247; x_wconf 41' lang='lat' dir='ltr'>p.</span> <span class='ocrx_word' id='word_1_273' title='bbox 1124 4183 1176 4232; x_wconf 84' lang='grc'>460</span> <span class='ocrx_word' id='word_1_274' title='bbox 1192 4195 1266 4246; x_wconf 85' lang='lat' dir='ltr'>sqq.‚</span> <span class='ocrx_word' id='word_1_275' title='bbox 1292 4182 1344 4229; x_wconf 75' lang='lat'>473</span> <span class='ocrx_word' id='word_1_276' title='bbox 1359 4194 1431 4245; x_wconf 89' lang='lat' dir='ltr'>sqq.‚</span> 
     </span>
     <span class='ocr_line' id='line_1_35' title="bbox 284 4265 1432 4338; baseline -0.003 -14"><span class='ocrx_word' id='word_1_277' title='bbox 284 4269 347 4324; x_wconf 85' lang='lat' dir='ltr'>xlv</span> <span class='ocrx_word' id='word_1_278' title='bbox 366 4289 393 4338; x_wconf 88' lang='lat' dir='ltr'>p.</span> <span class='ocrx_word' id='word_1_279' title='bbox 414 4275 464 4324; x_wconf 84' lang='grc'>606</span> <span class='ocrx_word' id='word_1_280' title='bbox 480 4287 539 4338; x_wconf 84' lang='lat' dir='ltr'>sqq.</span> <span class='ocrx_word' id='word_1_281' title='bbox 559 4267 754 4335; x_wconf 84' lang='lat' dir='ltr'>Philologique</span> <span class='ocrx_word' id='word_1_282' title='bbox 773 4267 793 4320; x_wconf 87' lang='lat' dir='ltr'>t.</span> <span class='ocrx_word' id='word_1_283' title='bbox 812 4267 876 4320; x_wconf 85' lang='lat' dir='ltr'>Xlll</span> <span class='ocrx_word' id='word_1_284' title='bbox 895 4285 922 4335; x_wconf 90' lang='lat' dir='ltr'>p.</span> <span class='ocrx_word' id='word_1_285' title='bbox 943 4271 994 4320; x_wconf 77' lang='grc'>742</span> <span class='ocrx_word' id='word_1_286' title='bbox 1010 4283 1070 4334; x_wconf 90' lang='lat' dir='ltr'>sqq.</span> <span class='ocrx_word' id='word_1_287' title='bbox 1088 4265 1267 4334; x_wconf 87' lang='lat' dir='ltr'>inspexerint.</span> <span class='ocrx_word' id='word_1_288' title='bbox 1300 4265 1359 4319; x_wconf 88' lang='lat' dir='ltr'>Nos</span> <span class='ocrx_word' id='word_1_289' title='bbox 1379 4283 1432 4320; x_wconf 89' lang='lat' dir='ltr'>nec</span> 
     </span>
     <span class='ocr_line' id='line_1_36' title="bbox 284 4353 1432 4424; baseline -0.005 -12"><span class='ocrx_word' id='word_1_290' title='bbox 284 4375 357 4412; x_wconf 89' lang='lat' dir='ltr'>nunc</span> <span class='ocrx_word' id='word_1_291' title='bbox 380 4375 432 4411; x_wconf 92' lang='lat' dir='ltr'>nec</span> <span class='ocrx_word' id='word_1_292' title='bbox 454 4355 573 4411; x_wconf 85' lang='lat' dir='ltr'>sortasse</span> <span class='ocrx_word' id='word_1_293' title='bbox 597 4371 729 4424; x_wconf 86' lang='lat' dir='ltr'>umquam</span> <span class='ocrx_word' id='word_1_294' title='bbox 753 4356 870 4424; x_wconf 68' lang='lat' dir='ltr'>inpone</span> <span class='ocrx_word' id='word_1_295' title='bbox 888 4355 1090 4408; x_wconf 79' lang='lat' dir='ltr'>iterabimus</span> <span class='ocrx_word' id='word_1_296' title='bbox 1108 4369 1242 4422; x_wconf 82' lang='lat' dir='ltr'>aequor:</span> <span class='ocrx_word' id='word_1_297' title='bbox 1266 4353 1344 4406; x_wconf 87' lang='lat' dir='ltr'>cuius</span> <span class='ocrx_word' id='word_1_298' title='bbox 1368 4353 1432 4407; x_wconf 79' lang='lat' dir='ltr'>uias</span> 
     </span>
     <span class='ocr_line' id='line_1_37' title="bbox 285 4441 997 4514; baseline -0.004 -15"><span class='ocrx_word' id='word_1_299' title='bbox 285 4445 424 4514; x_wconf 78' lang='lat' dir='ltr'>aperuime</span> <span class='ocrx_word' id='word_1_300' title='bbox 443 4446 560 4514; x_wconf 78' lang='lat' dir='ltr'>ecquid</span> <span class='ocrx_word' id='word_1_301' title='bbox 578 4445 673 4498; x_wconf 83' lang='lat' dir='ltr'>babet</span> <span class='ocrx_word' id='word_1_302' title='bbox 687 4443 851 4511; x_wconf 75' lang='lat' dir='ltr'>praemil&#39;</span> <span class='ocrx_word' id='word_1_303' title='bbox 891 4441 919 4498; x_wconf 83' lang='lat' dir='ltr'>C.</span> <span class='ocrx_word' id='word_1_304' title='bbox 939 4441 997 4514; x_wconf 91' lang='lat' dir='ltr'>W.]</span> 
     </span>
    </p>
   </div>
   <div class='ocr_carea' id='block_1_6' title="bbox 0 0 1648 5100">
    <p class='ocr_par' dir='ltr' id='par_1_6' title="bbox 0 0 1648 5100">
     <span class='ocr_line' id='line_1_38' title="bbox 0 0 1648 5100; baseline 0 0"><span class='ocrx_word' id='word_1_305' title='bbox 0 0 1648 5100; x_wconf 95' lang='lat' dir='ltr'> </span> 
     </span>
    </p>
   </div>
  </div>
 </body>
</html>
