3288 5100
194 418 201 432 .
285 376 350 438 514
603 389 729 437 uanas
753 369 896 438 vsaao’s
921 389 1099 436 ruauruvu

286 536 341 599 ille
360 557 534 619 pauperem
551 532 718 616 Curium,
737 534 792 598 sed
811 533 964 598 divitibus
984 533 1210 616 imperantem,
1228 532 1283 596 ille
1301 554 1432 597 severos

286 640 469 726 Oatones,
491 647 624 726 gentem
646 641 818 719 Fabiam,
841 640 959 704 decora
982 636 1208 723 Scipionum
1231 642 1433 724 totumque

291 749 400 812 illum
423 749 698 832 triumphalem
723 750 898 811 senatum
921 767 1020 830 parca
1042 743 1136 808 laude
1164 745 1367 830 perstrinxit:
1395 749 1433 810 tu

290 857 417 919 ruinam
436 855 601 939 proximae
616 853 733 918 aetatis
752 853 925 916 illuminas.
948 851 1079 915 difficile
1098 849 1186 915 factu
1207 855 1311 916 estut
1329 850 1435 915 honor

290 963 437 1048 angustis
469 962 565 1025 rebus
598 958 754 1024 addatur!
794 959 858 1022 Tot
889 959 989 1043 igitur
1017 958 1181 1022 Romanae
1214 957 1434 1041 praestantiae

290 1070 437 1152 exempla
460 1090 532 1133 curn
555 1068 609 1132 rix
633 1067 767 1132 dubium
791 1067 835 1130 sit
858 1065 938 1150 quin
961 1068 1148 1128 constanter
1167 1063 1273 1129 Varro
1295 1060 1433 1150 integris

288 1174 545 1240 hebdomadibus
578 1173 871 1258 comprehenderit,
908 1172 973 1236 iam
1004 1171 1083 1235 illud
1120 1173 1299 1256 quaeritur,
1336 1192 1433 1255 quarn

286 1283 446 1346 rationem
474 1283 626 1364 voluerit,
659 1281 710 1345 vel
738 1284 775 1344 ut
802 1279 902 1343 etiam
930 1278 1114 1342 distinctius
1147 1277 1303 1361 dicamus,
1335 1299 1433 1362 quarn

288 1389 530 1472 proportionem
559 1389 644 1452 inter
667 1387 808 1451 Graecas
837 1390 869 1450 et
892 1384 1056 1449 Romanas
1085 1383 1306 1450 hebdomadas
1335 1385 1432 1449 inter-

288 1495 411 1560 cedere:
443 1494 571 1579 quando
600 1495 722 1560 nullam
751 1493 882 1558 omnino
911 1492 1153 1575 proportionem
1182 1512 1312 1557 curasse
1342 1490 1432 1555 nullo

289 1602 384 1666 modo
415 1601 501 1666 credi
529 1601 767 1667 curiosissimus
796 1599 918 1682 alioqui
941 1598 1135 1682 disponendi
1157 1598 1273 1664 artifex
1296 1602 1329 1663 et
1351 1604 1432 1664 tam-

288 1731 386 1794 quam
404 1708 600 1773 architectus
620 1712 736 1792 potest.
768 1705 883 1790 Itaque
902 1727 974 1771 cum
993 1705 1088 1770 facile
1112 1705 1275 1790 quispiam
1294 1706 1435 1770 coniciet

288 1838 326 1878 ex
353 1814 538 1900 Imaginum
571 1815 663 1880 libris
696 1812 956 1898 quattuordecim
989 1816 1112 1895 septem
1145 1813 1268 1895 priores
1302 1810 1434 1876 Graecis

288 1921 476 1985 hominibus
509 1921 687 1985 destinatos
719 1921 835 2004 fuisse,
872 1920 1029 1985 Romanis
1061 1917 1196 1984 totidem
1229 1919 1434 2002 posteriores,

289 2029 375 2092 hunc
398 2031 508 2092 tamen
531 2026 677 2090 ordinem
701 2028 854 2092 continuo
877 2025 1020 2090 excludit
1041 2024 1177 2089 Ausonii
1200 2024 1433 2108 testimonium,

289 2134 345 2218 qui
368 2155 385 2198 e
405 2133 528 2197 decimo
547 2133 631 2197 libro
651 2131 848 2198 Graecorum
867 2134 999 2198 nomina
1019 2131 1270 2196 architectorum
1292 2131 1433 2215 petebat.

289 2240 333 2304 nt
359 2243 469 2304 tamen
493 2241 530 2302 ut
555 2261 615 2323 par
641 2239 742 2304 fuisse
769 2261 922 2304 numerus
946 2237 1166 2302 Romanarum
1192 2235 1432 2302 hebdomadum

290 2349 386 2430 atque
410 2345 605 2410 Graecarum
629 2346 791 2430 credatur,
814 2347 887 2431 ipsa
910 2344 1084 2411 aemulatio
1109 2346 1306 2426 monetque
1329 2345 1433 2409 semet

173 2471 181 2486 ·
291 2454 498 2536 aequiperare
527 2451 660 2516 Graecis
689 2452 830 2518 Romani
857 2451 1104 2530 contenderunt,
1136 2449 1434 2534 deditissimumque

290 2559 416 2642 patriae
436 2557 578 2622 studium
599 2557 764 2642 Varronis,
783 2563 833 2624 tot
851 2559 925 2624 aliis
944 2557 1145 2623 documentis
1165 2555 1302 2638 elucens,
1321 2555 1435 2620 suadet

290 2663 448 2747 inprimis.
488 2663 550 2738 Qui
570 2665 606 2747 si,
625 2669 661 2728 ut
680 2666 827 2750 exemplo
847 2668 985 2746 utamur,
1003 2665 1036 2728 in
1057 2685 1095 2728 eo
1113 2663 1197 2727 libro
1217 2683 1280 2746 quo
1299 2661 1434 2728 honoris

290 2769 411 2853 poetici
448 2771 595 2854 exempla
630 2771 841 2857 inlustrabat,
878 2776 1031 2856 quattuor
1066 2769 1211 2854 pleiadas
1249 2791 1265 2832 e
1303 2767 1434 2834 Graecis

290 2877 395 2960 poetis
428 2879 674 2962 composuisset,
706 2883 773 2942 tres
807 2899 824 2942 e
857 2877 1027 2962 Romanis,
1059 2899 1174 2962 parum
1206 2871 1351 2960 profecto
1382 2875 1434 2940 vel

290 2983 495 3067 popularium
523 3007 654 3050 suorum
683 2985 853 3049 ambitioni
881 2985 931 3049 vel
960 3005 1017 3049 suo
1046 2984 1155 3048 sensui
1183 2981 1264 3048 satis
1296 2981 1434 3072 fecisset.

291 3089 380 3164 Quae
403 3111 476 3153 curn
500 3090 547 3154 ita
571 3091 645 3175 sint,
668 3092 720 3155 vix
744 3092 841 3156 aliam
861 3091 946 3154 viam
970 3091 1118 3155 relictam
1136 3089 1291 3172 videmus,
1313 3088 1376 3152 nisi
1398 3091 1435 3152 ut

198 3214 205 3224 ·
292 3195 549 3279 quattuordecim
586 3197 765 3282 imaginum
801 3196 902 3259 libros
936 3197 1044 3261 animo
1079 3201 1191 3261 nostro
1224 3194 1434 3259 informemus

292 3305 417 3386 septem
440 3302 599 3385 dyadibus
618 3303 749 3386 divisos,
772 3325 907 3386 quarum
927 3323 1140 3387 unaquaeque
1158 3323 1223 3365 uno
1244 3300 1328 3365 libro
1347 3305 1434 3364 totas

292 3407 432 3472 Graecas
455 3407 676 3474 hebdomadas
701 3409 935 3493 praemitteret,
959 3410 1061 3474 altero
1084 3409 1135 3472 his
1159 3411 1246 3472 totas
1270 3406 1434 3472 Romanas

292 3515 503 3600 subiungeret
535 3537 571 3578 cx
605 3515 725 3580 eisdem
758 3517 818 3580 vel
850 3515 1012 3580 maxime
1044 3515 1229 3580 finitimis
1262 3513 1434 3598 generibus

291 3621 425 3706 petitas:
454 3643 526 3686 eam
554 3621 683 3705 quidem
708 3622 742 3686 in
767 3623 906 3706 speeiem
929 3625 967 3686 ut
989 3620 1030 3686 ad
1054 3620 1194 3685 Graecos
1217 3618 1365 3702 homines
1389 3620 1435 3683 in-

291 3728 377 3813 tegri
400 3727 475 3792 libri
499 3727 540 3792 II.
563 3727 620 3792 IV.
644 3727 699 3792 Vl.
723 3727 811 3794 VHI.
834 3729 873 3792 Χ.
896 3727 968 3792 Xll.
991 3727 1070 3792 XIV
1093 3729 1288 3810 spectarent,
1312 3725 1352 3789 ad
1372 3723 1435 3788 Rc

292 3857 406 3900 manos
437 3834 558 3918 integri
589 3833 648 3898 III.
675 3833 715 3900 V.
743 3833 817 3898 VII.
844 3834 899 3901 IX.
926 3835 982 3899 ΧΙ.
1010 3833 1098 3898 ΧΙΙΙ.
1121 3833 1191 3898 XV.
1233 3832 1435 3916 Quamquam

292 3963 351 4025 pro
379 3939 511 4005 Graecis
543 3939 631 4004 haud
659 3941 726 4004 scio
755 3963 796 4004 an
829 3941 947 4006 rectius
980 3943 1107 4005 exteros
1140 3940 1249 4024 potius
1282 3938 1435 4019 dicamus,

293 4069 365 4112 cum
389 4047 542 4112 credibile
561 4069 625 4112 non
646 4047 690 4111 sit
707 4045 939 4130 Hannibalum,
961 4046 1198 4111 Mithradatum
1217 4044 1435 4126 similiumque

293 4155 473 4218 clarissima
503 4153 638 4218 nomina
669 4176 689 4217 a
719 4151 867 4219 Varrone
903 4154 1132 4238 praetermissa
1164 4173 1247 4216 esse:
1285 4148 1435 4235 quemad·

292 4259 422 4325 modum
448 4261 549 4325 altera
572 4282 610 4325 ex
634 4265 727 4344 parte
746 4259 910 4324 Romanos
933 4281 1000 4324 non
1024 4259 1245 4324 dubitabimus
1268 4255 1436 4320 liberalius

292 4367 499 4450 interpretari
517 4365 633 4450 Italos,
656 4388 792 4451 quorum
811 4366 981 4430 coniuncta
998 4367 1118 4430 virtute
1140 4364 1235 4429 facile
1258 4361 1436 4446 perspicias

293 4495 374 4556 opus
393 4473 442 4536 illi
461 4473 561 4537 fixisse
576 4473 616 4538 ad
631 4471 828 4538 Graecorum
848 4472 959 4537 landes
972 4493 1040 4538 non
1054 4471 1189 4537 bellicas
1204 4467 1436 4552 exaequandae.
