3288 5100
306 370 371 436 536
639 387 753 434 [ianua
778 368 921 436 VARRO’S
946 386 1123 434 rusoruvu

306 535 390 614 sunt,
415 553 513 596 uuum
536 535 664 596 tantum
684 531 865 614 exemplum
886 530 933 594 ita
952 531 1176 612 comparatum
1196 533 1254 612 est,
1277 533 1314 594 ut
1332 531 1454 597 diserte

305 660 377 704 cum
407 660 524 724 genere
553 644 585 704 et
614 637 798 702 nominibus
822 637 898 702 libri
923 635 1119 701 Varroniani
1142 657 1311 700 numerum
1336 659 1452 721 suppe-

306 745 400 809 ditet:
425 745 562 810 Ausonii
583 745 739 809 Mosellae
759 767 788 807 r.
803 745 868 808 306
885 765 931 827 sq.
953 742 1205 806 architectorum
1225 747 1348 826 septem
1367 765 1454 808 com-

305 852 512 936 memoratio,
545 850 684 915 ‘decimo
717 849 881 914 celebrata
915 847 1078 914 uolumine
1111 846 1214 911 Marci
1248 848 1454 936 hebdomas’,

305 981 387 1042 quae
416 962 530 1041 poetae
559 957 659 1021 verba
686 978 757 1021 eam
788 977 915 1041 quoque
940 954 1241 1038 interpretationem
1265 954 1454 1043 admittunt,

306 1068 342 1128 ut
368 1085 434 1128 non
459 1064 578 1127 librum
602 1063 775 1146 decimum,
808 1063 864 1128 sed
892 1061 1049 1126 decimam
1082 1059 1317 1126 hebdomadem
1351 1063 1452 1149 signi-

306 1167 451 1256 ficent*),
476 1171 503 1234 si
523 1169 654 1253 quidem
673 1169 821 1254 singulae
840 1167 1059 1234 hebdomades
1078 1168 1214 1232 totidem
1234 1169 1454 1235 voluminibus

308 1283 341 1341 et
368 1277 610 1342 continerentur
637 1281 669 1340 et
697 1279 943 1340 numerarentur
967 1272 1033 1358 (eui
1056 1275 1274 1358 dispertitioni
1297 1275 1379 1340 nihil
1402 1281 1454 1340 est

305 1383 389 1468 quod
423 1383 545 1466 obstet,
578 1387 691 1448 contra
718 1382 830 1446 lavent
862 1404 901 1447 ea
934 1403 1015 1466 quae
1049 1380 1087 1445 de
1116 1384 1261 1446 veterum
1293 1383 1453 1448 librorum

305 1489 430 1554 ambitu
457 1489 527 1574 ipse
550 1488 748 1554 Ritschelius
778 1487 903 1552 docuit:
936 1487 987 1551 die
1012 1487 1218 1553 Alexandria.
1242 1489 1327 1554 Bibl.
1349 1511 1379 1572 p.
1400 1491 1454 1553 31.

308 1591 394 1681 123).
436 1594 506 1671 Quo
529 1594 618 1660 facto
642 1617 707 1660 non
732 1594 856 1659 decimo
880 1595 965 1660 libro
989 1594 1239 1660 architectorum
1263 1595 1454 1680 hebdomas,

305 1701 360 1766 sed
385 1723 422 1766 ex
446 1706 560 1767 nostra
579 1701 820 1786 computatione
839 1701 938 1766 tertio
956 1701 1129 1766 tribuenda
1148 1702 1241 1766 foret.
1270 1701 1331 1767 Sed
1351 1703 1453 1768 missa

304 1808 364 1872 hac
388 1809 535 1873 cautione
559 1807 729 1873 Ritschelii
753 1811 860 1871 tamen
885 1806 1072 1872 distributio
1096 1814 1232 1893 propter
1254 1808 1453 1892 fragmento-

304 1937 376 1979 rum
400 1915 592 1979 tenuitatem
615 1934 718 1997 neque
742 1915 952 1978 confirmatur
976 1915 1077 1979 altero
1102 1916 1248 2000 exemplo
1277 1937 1379 2000 neque
1403 1937 1452 1978 re-

304 2022 437 2086 fellitur.
481 2019 641 2084 Demetrii
669 2020 755 2084 enim
783 2020 933 2084 Phalerei
962 2020 1164 2104 epigramma
1193 2022 1266 2086 libri
1291 2021 1452 2106 signitica-

278 2128 434 2193 ooatione
452 2126 644 2191 destitutum
664 2131 721 2210 est,
740 2149 885 2211 quaeque
905 2149 943 2190 ex
961 2148 1048 2191 nono
1067 2126 1152 2192 libro
1167 2127 1333 2194 Charisius
1352 2129 1454 2193 verba

305 2234 430 2318 profert
454 2232 490 2297 ‘a
513 2232 613 2318 vulgo
637 2232 930 2316 condemnaretur',
954 2232 995 2297 ad
1015 2232 1172 2298 Graecum
1196 2233 1361 2300 hominem
1385 2255 1453 2300 non

305 2341 411 2406 minus
440 2362 536 2425 quam
565 2339 604 2404 ad
633 2338 817 2404 Romanum
845 2340 956 2404 referri
988 2343 1134 2423 possunt.
1182 2339 1316 2404 Accedit
1343 2343 1452 2405 autem

305 2449 345 2512 ad
369 2445 541 2512 Ritschelii
564 2447 724 2511 rationem
747 2447 933 2530 tutandam,
962 2447 990 2511 si
1012 2450 1159 2512 nostram
1184 2448 1378 2528 sententiam
1402 2470 1452 2512 se-

306 2555 423 2640 queris,
447 2553 572 2638 aliquid
591 2553 798 2618 firmamenti.
834 2553 918 2618 Nam
939 2554 966 2618 si
986 2553 1244 2642 quattuordecim
1269 2554 1342 2619 illos
1366 2556 1453 2638 priu-

305 2661 392 2745 cipes
415 2657 520 2724 Varro
550 2681 588 2724 eo
617 2659 753 2725 consilio
782 2660 866 2725 libro
895 2659 1000 2743 primo
1025 2660 1212 2745 incluserat,
1245 2663 1281 2724 ut
1304 2661 1452 2726 ordinem

272 2763 283 2774 ’
305 2765 471 2850 indicaret,
490 2789 553 2850 quo
573 2765 711 2851 singulis
729 2765 823 2830 libris
842 2767 984 2831 illustres
1004 2766 1150 2832 homines
1170 2767 1354 2851 prolaturus
1373 2773 1453 2852 erat,

305 2876 396 2958 patet
418 2871 609 2954 Homerum,
639 2894 733 2957 quem
761 2893 879 2957 agmen
909 2871 1036 2936 duxisse
1064 2873 1146 2937 nihil
1175 2877 1224 2937 est
1247 2895 1304 2938 our
1327 2873 1452 2939 dubite-

305 3002 390 3063 mus,
424 2977 553 3044 secuudi
586 2979 663 3044 libri
694 2979 800 3064 poetis
825 2977 956 3044 Graecis
990 2979 1087 3044 dicati
1119 2999 1189 3043 esse
1218 2979 1453 3065 testimonium,

305 3084 388 3149 unde
417 3107 479 3169 quo
509 3085 619 3149 ordine
648 3085 765 3170 reliqui
793 3107 827 3149 se
851 3085 1048 3169 exceperint,
1077 3084 1104 3150 si
1128 3085 1267 3151 Ausonii
1289 3087 1389 3150 verba
1411 3087 1452 3151 de

305 3190 389 3255 libro
418 3190 542 3256 decimo
566 3191 700 3275 accipis,
728 3212 793 3256 non
818 3195 868 3256 ert
896 3191 1084 3274 obscurum,
1113 3193 1168 3258 sed
1196 3197 1306 3256 tamen
1328 3192 1381 3256 vel
1404 3193 1453 3258 sic

305 3296 472 3380 incertum,
496 3320 591 3383 quem
615 3299 702 3363 intra
721 3298 808 3364 illius
827 3298 905 3362 libri
924 3297 1141 3363 hebdomades
1161 3299 1306 3363 ordinem
1325 3302 1451 3382 septem

306 3401 475 3466 architecti
499 3404 709 3470 obtinuerint.

394 3508 574 3574 Plurimum
593 3533 670 3576 vero
685 3509 883 3576 Ritschelius
902 3510 1018 3576 horum
1038 3510 1196 3574 librorum
1219 3511 1354 3576 notitiae
1378 3532 1452 3576 con·

305 3616 383 3681 tulit
410 3637 461 3700 eo,
494 3616 578 3700 quod
611 3621 739 3700 praeter
766 3617 903 3683 Ausonii
934 3616 1184 3682 architectorum
1215 3617 1451 3683 hebdomadam

306 3725 443 3788 alteram
467 3723 663 3789 medicorum
688 3745 726 3788 ex
749 3725 855 3790 Plinio
880 3722 919 3788 N.
934 3722 974 3788 Η
988 3721 1099 3788 XXVI
1122 3727 1141 3804 ξ
1164 3725 1204 3788 10
1219 3747 1264 3809 sq.
1288 3726 1453 3790 revocavit

306 3851 441 3915 cumque
465 3853 503 3894 ea
527 3830 692 3914 copulavit
714 3829 794 3894 duas
808 3829 941 3895 Henrici
956 3827 1091 3894 Braunii
1114 3829 1290 3896 industriae
1315 3829 1453 3918 debitas,

307 3937 537 4001 statuariorum
559 3937 765 4021 antiquorum
787 3935 830 4022 (p.
845 3935 907 4022 IX)
927 3939 960 3999 et
979 3935 1065 4000 eirca
1083 3941 1286 4022 expugnatae
1301 3936 1454 4005 Corinthi

307 4045 374 4108 sive
398 4043 595 4127 olympiadis
619 4041 720 4108 CLVI
749 4047 897 4127 tempora
924 4041 1137 4126 probatorum
1161 4065 1200 4108 ex
1224 4043 1337 4110 eodem
1361 4044 1453 4112 fonte

394 4307 419 4375 *)
443 4307 480 4362 ut
503 4309 597 4376 potest
618 4308 688 4362 adeo
712 4321 841 4376 expressa
866 4304 931 4360 libri
949 4303 1115 4360 Varroniani
1139 4306 1292 4376 appellatio
1311 4307 1453 4366 offendere

305 4397 335 4450 in
358 4413 484 4450 sermone
511 4396 634 4466 poetico,
662 4400 761 4452 contra
784 4395 898 4450 ferenda
921 4399 965 4449 est
988 4394 1100 4464 poetica
1122 4394 1248 4451 decimae
1267 4395 1453 4454 hebdomadis

307 4483 524 4540 circumlocutie
