3288 5100
277 343 343 408 520
608 361 723 408 {rasus
748 340 893 408 vsuao's
917 359 1091 406 1uuo1uvn
1210 357 1212 362 ’

276 507 394 568 natura
416 504 644 587 praestitisset,
666 502 776 568 dedita
797 524 897 587 opera
920 502 1110 588 designavit,
1133 503 1203 568 lieri
1222 503 1330 587 potuit
1347 524 1423 586 pro-

275 611 361 684 fecto
389 613 426 674 ut
454 633 491 674 ex
515 609 763 675 Hebdomadum
791 608 1014 674 recordatione
1043 609 1165 694 aliquid
1193 609 1291 674 etiam
1315 609 1350 673 in
1373 630 1423 674 ce·

275 717 353 781 teris
381 717 529 801 partibus
556 717 736 800 proliceret.
781 715 857 780 Non
888 715 926 780 de
949 715 1071 779 talibus
1094 716 1204 798 potius
1226 737 1313 780 nunc
1336 717 1422 800 cogi·

275 828 382 888 taurus
401 823 496 908 quale
516 827 566 887 est
584 823 671 907 quod
688 826 765 905 post
781 822 900 886 factam
915 820 1042 905 Apellis
1057 822 1255 888 mentionem
1269 824 1424 905 quattuor

275 930 416 1014 pictores
441 932 461 1010 ξ
487 930 550 996 126
574 926 712 992 sociavit
730 927 917 1012 Aristidem,
940 927 1194 1012 (timomachum,
1217 927 1424 1013 Bularohum,

275 1037 492 1122 Protogenem
525 1058 544 1100 a
577 1035 778 1120 praestantia
809 1038 842 1098 et
869 1034 1006 1099 caritate
1035 1035 1219 1099 tabularum
1247 1034 1424 1099 notabiles:

276 1165 374 1228 quam
404 1144 441 1207 de
469 1143 528 1207 illa
556 1141 699 1225 capitum
727 1140 915 1205 diversitate
939 1162 1109 1226 rerumque
1133 1139 1423 1206 dissimillimarum

276 1250 440 1335 congerie,
463 1251 553 1315 cuius
576 1247 706 1314 initium
729 1247 767 1310 fit
790 1249 810 1327 ξ
834 1247 886 1311 33.
931 1246 1025 1310 Vnde
1048 1249 1178 1330 praesto
1203 1251 1278 1311 sunt
1301 1246 1351 1332 (ut
1374 1270 1423 1314 or-

277 1357 384 1422 dinem
403 1357 588 1422 Plinianum
608 1352 785 1440 servemus)
804 1375 870 1417 non
890 1355 1044 1418 consueto
1063 1356 1159 1436 partu
1179 1352 1267 1435 editi,
1289 1353 1424 1419 insolita

277 1463 420 1547 corporis
448 1463 502 1526 vel
524 1461 629 1548 figura
652 1460 703 1525 vel
726 1481 880 1524 mensura
902 1459 954 1522 vel
976 1460 1132 1524 firmitate
1157 1463 1213 1523 aut
1235 1459 1424 1524 infirmitate

247 1612 251 1620 ·
276 1571 328 1636 vel
351 1569 511 1653 patientia
534 1567 694 1653 insigneS,
717 1587 873 1648 cursores,
897 1565 1062 1630 oculorum
1086 1565 1254 1631 auditusve
1279 1566 1347 1630 acic
1370 1589 1424 1631 va-

275 1678 390 1759 lentes,
407 1697 473 1742 non
493 1675 614 1740 usitata
633 1673 664 1738 vi
680 1673 853 1738 memoriae
868 1671 1020 1754 praediti:
1040 1677 1171 1756 praesto
1187 1675 1263 1736 sunt
1277 1673 1425 1756 exempla

275 1783 486 1866 fortitudinis,
510 1780 694 1864 probitatis
718 1778 901 1862 pudicitiae,
924 1778 1067 1862 pietatis,
1091 1780 1170 1844 item
1193 1779 1302 1844 variae
1321 1780 1355 1844 in
1374 1781 1426 1845 de·

276 1890 382 1976 ganda
397 1893 505 1954 aetate
519 1887 697 1968 felicitatis,
711 1885 954 1971 longaevitatis,
968 1906 1124 1970 generum
1139 1887 1269 1952 mortis:
1293 1893 1424 1970 praesto

276 2000 328 2060 cst
350 1995 486 2078 denique
509 1994 543 2057 in
567 1991 691 2056 deliciis
715 1993 862 2058 habitum
886 1997 985 2076 caput
1008 1994 1103 2078 longe
1121 1993 1319 2058 uberrimum
1338 1995 1425 2078 quod

277 2105 327 2166 est
353 2101 392 2166 de
421 2099 655 2165 inventoribus.
700 2097 873 2164 Praeterea
902 2100 1046 2165 locorum
1072 2099 1291 2165 communium
1315 2099 1426 2165 multi·

276 2209 421 2274 tudinem
436 2205 657 2272 Hebdomadis
678 2209 827 2289 aptorum
847 2205 936 2271 facili
952 2207 1085 2291 negotio
1101 2229 1117 2270 e
1132 2207 1265 2272 Valerio
1280 2207 1424 2273 Maximo

277 2336 463 2399 coacerves,
495 2313 688 2399 praesertim
720 2313 748 2377 si
779 2313 814 2378 in
848 2334 974 2378 morum
1006 2313 1211 2397 disciplinam
1245 2311 1425 2379 Varronem

277 2422 408 2507 longius
435 2420 652 2505 exspatiatum
677 2420 858 2484 credideris.
904 2419 997 2484 Adde
1019 2419 1107 2484 vitae
1130 2419 1337 2485 condiciones
1360 2421 1424 2485 sin·

277 2529 421 2615 gulares,
451 2549 534 2612 quae
564 2549 624 2592 nec
653 2526 744 2591 nullo
774 2548 835 2592 nec
864 2526 1013 2611 proximo
1044 2549 1116 2591 cum
1139 2526 1220 2610 ipsis
1245 2527 1369 2592 artibus
1394 2532 1427 2592 et

277 2635 398 2701 litteris
423 2634 551 2700 vinculo
575 2632 766 2698 coniunctae
790 2638 880 2700 sunt:
908 2655 968 2698 nec
991 2633 1080 2697 enim
1101 2633 1207 2718 magis
1231 2637 1264 2698 et
1287 2633 1426 2718 vatibus,

224 2741 512 2826 mchresmologis
537 2762 610 2805 oum
634 2737 782 2823 Sibyllis,
806 2738 1042 2822 sacerdotibus,
1065 2739 1172 2824 legum
1195 2739 1370 2825 latoribus,
1393 2742 1426 2805 id

277 2869 379 2934 genus
410 2848 484 2913 aliis
513 2851 584 2912 erat
612 2868 668 2911 cur
690 2846 779 2910 locus
804 2845 1031 2932 denegaretur,
1060 2865 1119 2910 nec
1142 2847 1247 2932 magis
1272 2843 1426 2912 credibile

278 2959 328 3020 est
350 2958 473 3039 septem
492 2953 655 3037 sapientes
676 2951 873 3016 Graecorum
892 2973 989 3035 quam
1008 2955 1133 3036 septem
1152 2972 1245 3036 reges
1260 2952 1425 3020 Romanos

277 3061 524 3146 praetermissos
549 3081 628 3125 esse.

366 3167 441 3232 Non
472 3166 654 3232 mehercule
678 3167 745 3232 ullo
769 3167 865 3233 modo
889 3167 1112 3232 contendimus
1135 3147 1205 3230 illa'
1216 3188 1335 3253 genera
1358 3191 1426 3234 om-

276 3275 332 3339 nia
354 3273 539 3358 Imaginum
569 3273 788 3339 voluminibus
817 3275 883 3338 suis
908 3272 1088 3338 Varronem
1114 3277 1318 3357 persecutum
1342 3297 1426 3340 esse:

279 3381 334 3445 sed
365 3380 512 3464 exemplo
543 3401 613 3445 esse
644 3383 770 3444 tantam
798 3379 997 3445 celebritatis
1029 3380 1156 3464 copiam
1180 3383 1213 3444 et
1236 3381 1425 3446 varietatem

277 3488 441 3571 volumus,
468 3509 565 3572 quam
589 3487 759 3570 multiplex
782 3487 958 3552 inlustrata
982 3509 1001 3552 a
1024 3485 1173 3552 Varrone
1196 3488 1334 3552 materia
1356 3509 1426 3552 csse

277 3594 434 3679 potuerit:
463 3593 519 3659 sed
548 3598 752 3679 argumento,
782 3615 879 3678 quam
902 3593 985 3658 nihil
1010 3593 1043 3658 in
1067 3594 1128 3658 bac
1152 3596 1312 3658 certorum
1335 3594 1426 3658 testi-

278 3703 461 3768 moniorum
489 3701 654 3784 paucitate
678 3722 751 3765 cum
775 3701 886 3785 aliqua
909 3699 1106 3765 confidentia
1129 3699 1269 3764 divinari
1293 3698 1332 3764 de
1356 3699 1427 3764 illo·

278 3829 351 3870 rum
380 3808 539 3873 librorum
563 3808 739 3892 partitione
762 3808 876 3890 possit.
922 3806 996 3872 Nisi
1020 3806 1104 3890 quod
1129 3806 1177 3871 ita
1199 3806 1297 3870 etiam
1320 3807 1427 3892 magis

278 3913 487 3997 perspicitur,
516 3913 680 3997 quomodo
712 3912 792 3978 illud
815 3911 922 3978 Varro
953 3911 1122 3978 instituere
1150 3912 1294 3995 potuerit
1316 3915 1353 3977 ut
1375 3933 1426 3978 ex·

278 4024 366 4085 torae
386 4023 420 4085 et
438 4019 634 4085 domesticae
654 4019 784 4085 virtutis
803 4020 914 4084 laudes
930 4020 1038 4104 aliquo
1053 4020 1149 4084 modo
1164 4021 1427 4102 exaequarentur.

279 4125 365 4192 Nam
390 4127 417 4191 si
441 4127 476 4190 in
500 4127 693 4212 quibusdam
714 4127 862 4211 partibus
882 4127 933 4190 vix
954 4125 1097 4190 babebat
1115 4145 1193 4189 sane
1207 4124 1428 4188 Romanorum

279 4233 390 4317 inopia
408 4235 495 4318 quod
515 4256 587 4299 cum
606 4232 802 4298 Graecorum
821 4232 1026 4317 praestantia
1044 4227 1299 4318 contenderet*),
1318 4233 1427 4296 tamen

280 4381 492 4388 .-—--—

367 4461 393 4532 ‘)
411 4463 485 4516 Dum
503 4461 533 4517 in
552 4479 585 4517 eo
604 4461 647 4517 est
665 4460 859 4531 typographus
872 4461 905 4515 ut
918 4457 1026 4529 prelum
1042 4459 1177 4526 exerceat,
1191 4475 1277 4514 noras
1292 4457 1429 4528 quasdam
