<?xml version="1.0" encoding="UTF-8"?>
<!DOCTYPE html PUBLIC "-//W3C//DTD XHTML 1.0 Transitional//EN"
    "http://www.w3.org/TR/xhtml1/DTD/xhtml1-transitional.dtd">
<html xmlns="http://www.w3.org/1999/xhtml" xml:lang="en" lang="en">
 <head>
  <title>
</title>
<meta http-equiv="Content-Type" content="text/html;charset=utf-8" />
  <meta name='ocr-system' content='tesseract 3.04.00' />
  <meta name='ocr-capabilities' content='ocr_page ocr_carea ocr_par ocr_line ocrx_word'/>
</head>
<body>
  <div class='ocr_page' id='page_1' title='image "./fridericiritsch09wachgoog_0361.png"; bbox 0 0 3294 5104; ppageno 0'>
   <div class='ocr_carea' id='block_1_1' title="bbox 306 392 1177 468">
    <p class='ocr_par' dir='ltr' id='par_1_1' title="bbox 306 392 1177 468">
     <span class='ocr_line' id='line_1_1' title="bbox 306 392 1177 468; baseline 0.001 -13"><span class='ocrx_word' id='word_1_1' title='bbox 306 392 371 456; x_wconf 84' lang='lat'><strong>336</strong></span> <span class='ocrx_word' id='word_1_2' title='bbox 577 408 817 468; x_wconf 78' lang='lat' dir='ltr'><strong>ovnusrronus</strong></span> <span class='ocrx_word' id='word_1_3' title='bbox 842 406 1177 456; x_wconf 77' lang='lat' dir='ltr'><strong>ouounnonoorcnn.</strong></span> 
     </span>
    </p>
   </div>
   <div class='ocr_carea' id='block_1_2' title="bbox 260 548 1476 3728">
    <p class='ocr_par' dir='ltr' id='par_1_2' title="bbox 260 548 1476 3728">
     <span class='ocr_line' id='line_1_2' title="bbox 304 548 1450 636; baseline 0 -22"><span class='ocrx_word' id='word_1_4' title='bbox 304 553 355 614; x_wconf 91' lang='lat' dir='ltr'><strong>ter</strong></span> <span class='ocrx_word' id='word_1_5' title='bbox 378 548 658 633; x_wconf 87' lang='lat' dir='ltr'><strong>Lemniselena,</strong></span> <span class='ocrx_word' id='word_1_6' title='bbox 686 551 834 636; x_wconf 83' lang='lat' dir='ltr'><strong>quumvis</strong></span> <span class='ocrx_word' id='word_1_7' title='bbox 857 550 965 634; x_wconf 90' lang='lat' dir='ltr'><strong>aliquo</strong></span> <span class='ocrx_word' id='word_1_8' title='bbox 988 549 1084 614; x_wconf 93' lang='lat' dir='ltr'><strong>modo</strong></span> <span class='ocrx_word' id='word_1_9' title='bbox 1109 549 1347 634; x_wconf 70' lang='lat' dir='ltr'><strong>opitulantibus</strong></span> <span class='ocrx_word' id='word_1_10' title='bbox 1372 551 1450 615; x_wconf 84' lang='grc' dir='ltr'>Δια·</span> 
     </span>
     <span class='ocr_line' id='line_1_3' title="bbox 305 643 1450 742; baseline 0.002 -21"><span class='ocrx_word' id='word_1_11' title='bbox 305 661 462 737; x_wconf 89' lang='grc' dir='ltr'>νυ(ικλῆ(,</span> <span class='ocrx_word' id='word_1_12' title='bbox 491 657 729 738; x_wconf 83' lang='grc' dir='ltr'>Διονυ(ίδωρο(</span> <span class='ocrx_word' id='word_1_13' title='bbox 758 657 842 741; x_wconf 90' lang='lat' dir='ltr'><strong>apud</strong></span> <span class='ocrx_word' id='word_1_14' title='bbox 866 657 900 722; x_wconf 76' lang='lat' dir='ltr'><strong>O.</strong></span> <span class='ocrx_word' id='word_1_15' title='bbox 919 657 1059 722; x_wconf 90' lang='lat' dir='ltr'><strong>Keilium</strong></span> <span class='ocrx_word' id='word_1_16' title='bbox 1078 657 1171 722; x_wconf 79' lang='lat' dir='ltr'><strong>Auel.</strong></span> <span class='ocrx_word' id='word_1_17' title='bbox 1195 643 1296 742; x_wconf 79' lang='lat' dir='ltr'><strong>epigi.</strong></span> <span class='ocrx_word' id='word_1_18' title='bbox 1320 663 1353 723; x_wconf 89' lang='lat' dir='ltr'><strong>et</strong></span> <span class='ocrx_word' id='word_1_19' title='bbox 1374 681 1450 723; x_wconf 93' lang='lat' dir='ltr'><strong>ono·</strong></span> 
     </span>
     <span class='ocr_line' id='line_1_4' title="bbox 305 762 1451 848; baseline 0 -20"><span class='ocrx_word' id='word_1_20' title='bbox 305 765 416 829; x_wconf 87' lang='lat' dir='ltr'><strong>matol.</strong></span> <span class='ocrx_word' id='word_1_21' title='bbox 446 786 476 847; x_wconf 92' lang='lat' dir='ltr'><strong>p.</strong></span> <span class='ocrx_word' id='word_1_22' title='bbox 502 765 578 829; x_wconf 89' lang='lat'>169:</span> <span class='ocrx_word' id='word_1_23' title='bbox 607 787 665 830; x_wconf 90' lang='lat' dir='ltr'><strong>uec</strong></span> <span class='ocrx_word' id='word_1_24' title='bbox 690 763 895 829; x_wconf 80' lang='lat' dir='ltr'>Calidorus</span> <span class='ocrx_word' id='word_1_25' title='bbox 926 762 1191 848; x_wconf 81' lang='grc' dir='ltr'>αΚαλίδωρο(*)</span> <span class='ocrx_word' id='word_1_26' title='bbox 1221 765 1451 848; x_wconf 87' lang='lat' dir='ltr'><strong>potiusquam</strong></span> 
     </span>
     <span class='ocr_line' id='line_1_5' title="bbox 260 869 1450 958; baseline -0.002 -22"><span class='ocrx_word' id='word_1_27' title='bbox 260 894 325 936; x_wconf 85' lang='lat' dir='ltr'><strong>vra</strong></span> <span class='ocrx_word' id='word_1_28' title='bbox 349 871 579 951; x_wconf 84' lang='grc' dir='ltr'>Καλόδιυρο(</span> <span class='ocrx_word' id='word_1_29' title='bbox 602 870 654 956; x_wconf 87' lang='lat' dir='ltr'><strong>(ut</strong></span> <span class='ocrx_word' id='word_1_30' title='bbox 673 869 844 958; x_wconf 86' lang='grc' dir='ltr'>Καλονίκη)</span> <span class='ocrx_word' id='word_1_31' title='bbox 866 869 1029 936; x_wconf 83' lang='lat' dir='ltr'><strong>duximus:</strong></span> <span class='ocrx_word' id='word_1_32' title='bbox 1051 893 1128 936; x_wconf 87' lang='lat' dir='ltr'><strong>nam</strong></span> <span class='ocrx_word' id='word_1_33' title='bbox 1147 870 1186 934; x_wconf 90' lang='lat' dir='ltr'><strong>de</strong></span> <span class='ocrx_word' id='word_1_34' title='bbox 1206 871 1450 950; x_wconf 68' lang='lat' dir='ltr'><strong>uerticoso&lt;</strong></span> 
     </span>
     <span class='ocr_line' id='line_1_6' title="bbox 305 975 1450 1062; baseline 0.002 -22"><span class='ocrx_word' id='word_1_35' title='bbox 305 977 434 1061; x_wconf 91' lang='lat' dir='ltr'><strong>quidem</strong></span> <span class='ocrx_word' id='word_1_36' title='bbox 462 978 532 1042; x_wconf 90' lang='lat' dir='ltr'><strong>fieri</strong></span> <span class='ocrx_word' id='word_1_37' title='bbox 560 975 766 1042; x_wconf 76' lang='lat' dir='ltr'>Calidorus</span> <span class='ocrx_word' id='word_1_38' title='bbox 790 977 843 1041; x_wconf 85' lang='lat' dir='ltr'><strong>vix</strong></span> <span class='ocrx_word' id='word_1_39' title='bbox 872 977 988 1060; x_wconf 76' lang='lat' dir='ltr'><strong>potuit</strong></span> <span class='ocrx_word' id='word_1_40' title='bbox 1031 976 1124 1042; x_wconf 85' lang='lat' dir='ltr'>Vnde</span> <span class='ocrx_word' id='word_1_41' title='bbox 1146 977 1298 1062; x_wconf 76' lang='lat' dir='ltr'>progredi</span> <span class='ocrx_word' id='word_1_42' title='bbox 1321 977 1450 1062; x_wconf 81' lang='lat' dir='ltr'><strong>longius</strong></span> 
     </span>
     <span class='ocr_line' id='line_1_7' title="bbox 305 1083 1450 1168; baseline 0.003 -22"><span class='ocrx_word' id='word_1_43' title='bbox 305 1083 417 1149; x_wconf 85' lang='lat' dir='ltr'><strong>licebit</strong></span> <span class='ocrx_word' id='word_1_44' title='bbox 440 1087 473 1148; x_wconf 89' lang='lat' dir='ltr'><strong>et</strong></span> <span class='ocrx_word' id='word_1_45' title='bbox 491 1085 530 1150; x_wconf 91' lang='lat' dir='ltr'><strong>de</strong></span> <span class='ocrx_word' id='word_1_46' title='bbox 549 1084 688 1150; x_wconf 83' lang='lat' dir='ltr'><strong>Euclio</strong></span> <span class='ocrx_word' id='word_1_47' title='bbox 707 1084 813 1148; x_wconf 85' lang='lat' dir='ltr'><strong>forma</strong></span> <span class='ocrx_word' id='word_1_48' title='bbox 831 1083 980 1149; x_wconf 88' lang='lat' dir='ltr'><strong>dubitare</strong></span> <span class='ocrx_word' id='word_1_49' title='bbox 998 1105 1074 1149; x_wconf 92' lang='lat' dir='ltr'><strong>num</strong></span> <span class='ocrx_word' id='word_1_50' title='bbox 1096 1103 1247 1168; x_wconf 85' lang='lat' dir='ltr'><strong>graecum</strong></span> <span class='ocrx_word' id='word_1_51' title='bbox 1266 1085 1450 1168; x_wconf 87' lang='lat' dir='ltr'><strong>exemplum</strong></span> 
     </span>
     <span class='ocr_line' id='line_1_8' title="bbox 305 1189 1451 1276; baseline 0.001 -22"><span class='ocrx_word' id='word_1_52' title='bbox 305 1190 446 1256; x_wconf 86' lang='grc' dir='ltr'>Εὐκλίων</span> <span class='ocrx_word' id='word_1_53' title='bbox 476 1214 518 1256; x_wconf 84' lang='grc' dir='ltr'><strong>αα</strong></span> <span class='ocrx_word' id='word_1_54' title='bbox 541 1192 715 1258; x_wconf 85' lang='grc' dir='ltr'>Εὐκλέων</span> <span class='ocrx_word' id='word_1_55' title='bbox 744 1192 867 1275; x_wconf 91' lang='lat' dir='ltr'><strong>potius,</strong></span> <span class='ocrx_word' id='word_1_56' title='bbox 896 1195 932 1256; x_wconf 89' lang='lat' dir='ltr'><strong>ut</strong></span> <span class='ocrx_word' id='word_1_57' title='bbox 961 1193 1154 1275; x_wconf 80' lang='grc' dir='ltr'>Παγκλέων,</span> <span class='ocrx_word' id='word_1_58' title='bbox 1184 1189 1344 1276; x_wconf 82' lang='lat' dir='ltr'><strong>habuerit.</strong></span> <span class='ocrx_word' id='word_1_59' title='bbox 1389 1191 1451 1255; x_wconf 91' lang='lat' dir='ltr'><strong>His</strong></span> 
     </span>
     <span class='ocr_line' id='line_1_9' title="bbox 306 1295 1450 1384; baseline 0.002 -24"><span class='ocrx_word' id='word_1_60' title='bbox 306 1298 461 1382; x_wconf 83' lang='lat' dir='ltr'><strong>exemplis</strong></span> <span class='ocrx_word' id='word_1_61' title='bbox 486 1297 755 1384; x_wconf 79' lang='lat' dir='ltr'><strong>quemadmodum</strong></span> <span class='ocrx_word' id='word_1_62' title='bbox 779 1319 788 1361; x_wconf 91' lang='grc' dir='ltr'>ι</span> <span class='ocrx_word' id='word_1_63' title='bbox 809 1297 844 1360; x_wconf 91' lang='lat' dir='ltr'><strong>in</strong></span> <span class='ocrx_word' id='word_1_64' title='bbox 862 1318 878 1362; x_wconf 92' lang='lat' dir='ltr'><strong>e</strong></span> <span class='ocrx_word' id='word_1_65' title='bbox 895 1297 1037 1382; x_wconf 86' lang='lat' dir='ltr'><strong>transiit,</strong></span> <span class='ocrx_word' id='word_1_66' title='bbox 1060 1297 1106 1362; x_wconf 86' lang='lat' dir='ltr'><strong>ita</strong></span> <span class='ocrx_word' id='word_1_67' title='bbox 1124 1295 1298 1361; x_wconf 87' lang='lat' dir='ltr'><strong>videndum</strong></span> <span class='ocrx_word' id='word_1_68' title='bbox 1316 1317 1357 1360; x_wconf 87' lang='lat' dir='ltr'><strong>ne</strong></span> <span class='ocrx_word' id='word_1_69' title='bbox 1376 1317 1450 1362; x_wconf 90' lang='lat' dir='ltr'><strong>con-</strong></span> 
     </span>
     <span class='ocr_line' id='line_1_10' title="bbox 304 1401 1452 1487; baseline 0 -19"><span class='ocrx_word' id='word_1_70' title='bbox 304 1405 440 1469; x_wconf 88' lang='lat' dir='ltr'><strong>trarium</strong></span> <span class='ocrx_word' id='word_1_71' title='bbox 464 1405 617 1470; x_wconf 88' lang='lat' dir='ltr'><strong>acciderit</strong></span> <span class='ocrx_word' id='word_1_72' title='bbox 639 1403 673 1468; x_wconf 92' lang='lat' dir='ltr'><strong>in</strong></span> <span class='ocrx_word' id='word_1_73' title='bbox 698 1401 841 1468; x_wconf 79' lang='lat' dir='ltr'><strong>Saurea</strong></span> <span class='ocrx_word' id='word_1_74' title='bbox 863 1403 1007 1487; x_wconf 89' lang='lat' dir='ltr'><strong>nomine,</strong></span> <span class='ocrx_word' id='word_1_75' title='bbox 1031 1404 1069 1468; x_wconf 88' lang='lat' dir='ltr'><strong>de</strong></span> <span class='ocrx_word' id='word_1_76' title='bbox 1092 1403 1183 1468; x_wconf 90' lang='lat' dir='ltr'><strong>ouius</strong></span> <span class='ocrx_word' id='word_1_77' title='bbox 1207 1424 1324 1487; x_wconf 85' lang='lat' dir='ltr'><strong>graeca</strong></span> <span class='ocrx_word' id='word_1_78' title='bbox 1346 1401 1452 1468; x_wconf 88' lang='lat' dir='ltr'><strong>forma</strong></span> 
     </span>
     <span class='ocr_line' id='line_1_11' title="bbox 305 1510 1451 1594; baseline -0.002 -18"><span class='ocrx_word' id='word_1_79' title='bbox 305 1512 467 1591; x_wconf 77' lang='lat' dir='ltr'><strong>(cupiat</strong></span> <span class='ocrx_word' id='word_1_80' title='bbox 498 1515 639 1594; x_wconf 88' lang='lat' dir='ltr'><strong>constat,</strong></span> <span class='ocrx_word' id='word_1_81' title='bbox 671 1510 710 1574; x_wconf 92' lang='lat' dir='ltr'><strong>de</strong></span> <span class='ocrx_word' id='word_1_82' title='bbox 734 1511 902 1590; x_wconf 83' lang='grc' dir='ltr'>(αυρέα(</span> <span class='ocrx_word' id='word_1_83' title='bbox 931 1531 996 1574; x_wconf 91' lang='lat' dir='ltr'><strong>non</strong></span> <span class='ocrx_word' id='word_1_84' title='bbox 1018 1510 1112 1574; x_wconf 89' lang='lat' dir='ltr'><strong>item:</strong></span> <span class='ocrx_word' id='word_1_85' title='bbox 1146 1531 1340 1594; x_wconf 90' lang='lat' dir='ltr'><strong>quamquam</strong></span> <span class='ocrx_word' id='word_1_86' title='bbox 1369 1511 1451 1574; x_wconf 88' lang='lat' dir='ltr'>nihil</span> 
     </span>
     <span class='ocr_line' id='line_1_12' title="bbox 305 1595 1449 1702; baseline 0 -20"><span class='ocrx_word' id='word_1_87' title='bbox 305 1622 355 1682; x_wconf 89' lang='lat' dir='ltr'><strong>est</strong></span> <span class='ocrx_word' id='word_1_88' title='bbox 383 1640 460 1684; x_wconf 90' lang='lat' dir='ltr'><strong>sane</strong></span> <span class='ocrx_word' id='word_1_89' title='bbox 484 1641 540 1684; x_wconf 89' lang='lat' dir='ltr'><strong>our</strong></span> <span class='ocrx_word' id='word_1_90' title='bbox 563 1595 709 1702; x_wconf 80' lang='lat' dir='ltr'><strong>potuisse</strong></span> <span class='ocrx_word' id='word_1_91' title='bbox 733 1621 904 1702; x_wconf 87' lang='lat' dir='ltr'><strong>utramque</strong></span> <span class='ocrx_word' id='word_1_92' title='bbox 933 1639 993 1680; x_wconf 90' lang='lat' dir='ltr'><strong>usu</strong></span> <span class='ocrx_word' id='word_1_93' title='bbox 1016 1615 1124 1680; x_wconf 84' lang='lat' dir='ltr'><strong>venire</strong></span> <span class='ocrx_word' id='word_1_94' title='bbox 1147 1636 1301 1701; x_wconf 85' lang='lat' dir='ltr'><strong>negemus</strong></span> <span class='ocrx_word' id='word_1_95' title='bbox 1327 1621 1364 1680; x_wconf 88' lang='lat' dir='ltr'><strong>ut</strong></span> <span class='ocrx_word' id='word_1_96' title='bbox 1387 1619 1449 1682; x_wconf 87' lang='grc' dir='ltr'><strong>Χα-</strong></span> 
     </span>
     <span class='ocr_line' id='line_1_13' title="bbox 306 1721 1451 1808; baseline -0.002 -19"><span class='ocrx_word' id='word_1_97' title='bbox 306 1725 393 1804; x_wconf 90' lang='grc' dir='ltr'>βρία(</span> <span class='ocrx_word' id='word_1_98' title='bbox 418 1729 450 1790; x_wconf 85' lang='lat' dir='ltr'><strong>et</strong></span> <span class='ocrx_word' id='word_1_99' title='bbox 475 1727 632 1808; x_wconf 88' lang='grc' dir='ltr'>Χαβρέα(,</span> <span class='ocrx_word' id='word_1_100' title='bbox 663 1723 798 1789; x_wconf 87' lang='grc' dir='ltr'>Καλλία(</span> <span class='ocrx_word' id='word_1_101' title='bbox 822 1727 855 1788; x_wconf 87' lang='lat' dir='ltr'><strong>et</strong></span> <span class='ocrx_word' id='word_1_102' title='bbox 879 1725 1021 1789; x_wconf 79' lang='grc' dir='ltr'>Καλλέα(</span> <span class='ocrx_word' id='word_1_103' title='bbox 1044 1725 1078 1786; x_wconf 88' lang='lat' dir='ltr'><strong>et</strong></span> <span class='ocrx_word' id='word_1_104' title='bbox 1100 1744 1182 1807; x_wconf 89' lang='lat' dir='ltr'><strong>quae</strong></span> <span class='ocrx_word' id='word_1_105' title='bbox 1205 1721 1299 1788; x_wconf 86' lang='lat' dir='ltr'><strong>huius</strong></span> <span class='ocrx_word' id='word_1_106' title='bbox 1323 1724 1451 1808; x_wconf 86' lang='lat' dir='ltr'><strong>generis</strong></span> 
     </span>
     <span class='ocr_line' id='line_1_14' title="bbox 304 1830 1450 1916; baseline -0.001 -21"><span class='ocrx_word' id='word_1_107' title='bbox 304 1831 443 1916; x_wconf 90' lang='lat' dir='ltr'><strong>plurima</strong></span> <span class='ocrx_word' id='word_1_108' title='bbox 467 1833 593 1898; x_wconf 89' lang='lat' dir='ltr'><strong>Keilius</strong></span> <span class='ocrx_word' id='word_1_109' title='bbox 617 1831 800 1916; x_wconf 76' lang='lat' dir='ltr'><strong>composuit</strong></span> <span class='ocrx_word' id='word_1_110' title='bbox 822 1831 843 1897; x_wconf 91' lang='lat' dir='ltr'><strong>l.</strong></span> <span class='ocrx_word' id='word_1_111' title='bbox 867 1853 891 1896; x_wconf 93' lang='lat' dir='ltr'><strong>c.</strong></span> <span class='ocrx_word' id='word_1_112' title='bbox 915 1854 945 1915; x_wconf 92' lang='lat' dir='ltr'><strong>p.</strong></span> <span class='ocrx_word' id='word_1_113' title='bbox 970 1832 1010 1895; x_wconf 79' lang='lat'><strong>71</strong></span> <span class='ocrx_word' id='word_1_114' title='bbox 1028 1852 1073 1916; x_wconf 91' lang='lat' dir='ltr'><strong>sq.</strong></span> <span class='ocrx_word' id='word_1_115' title='bbox 1099 1831 1141 1894; x_wconf 79' lang='lat'><strong>74</strong></span> <span class='ocrx_word' id='word_1_116' title='bbox 1157 1852 1203 1914; x_wconf 89' lang='lat' dir='ltr'><strong>sq.</strong></span> <span class='ocrx_word' id='word_1_117' title='bbox 1229 1831 1301 1895; x_wconf 78' lang='lat'>152.</span> <span class='ocrx_word' id='word_1_118' title='bbox 1325 1830 1390 1894; x_wconf 80' lang='lat'><strong>246</strong></span> <span class='ocrx_word' id='word_1_119' title='bbox 1405 1851 1450 1914; x_wconf 89' lang='lat' dir='ltr'><strong>sq.</strong></span> 
     </span>
     <span class='ocr_line' id='line_1_15' title="bbox 305 1937 1450 2022; baseline 0 -21"><span class='ocrx_word' id='word_1_120' title='bbox 305 1937 425 2002; x_wconf 90' lang='lat' dir='ltr'><strong>Mirum</strong></span> <span class='ocrx_word' id='word_1_121' title='bbox 453 1943 562 2003; x_wconf 89' lang='lat' dir='ltr'><strong>autem</strong></span> <span class='ocrx_word' id='word_1_122' title='bbox 586 1939 642 2022; x_wconf 88' lang='lat' dir='ltr'><strong>sit,</strong></span> <span class='ocrx_word' id='word_1_123' title='bbox 670 1939 697 2002; x_wconf 92' lang='lat' dir='ltr'><strong>si</strong></span> <span class='ocrx_word' id='word_1_124' title='bbox 720 1961 739 2002; x_wconf 91' lang='lat' dir='ltr'><strong>u</strong></span> <span class='ocrx_word' id='word_1_125' title='bbox 762 1937 873 2001; x_wconf 88' lang='lat' dir='ltr'><strong>littera</strong></span> <span class='ocrx_word' id='word_1_126' title='bbox 896 1937 929 2001; x_wconf 90' lang='lat' dir='ltr'><strong>in</strong></span> <span class='ocrx_word' id='word_1_127' title='bbox 953 1957 970 2002; x_wconf 92' lang='lat' dir='ltr'>o</span> <span class='ocrx_word' id='word_1_128' title='bbox 992 1938 1101 2021; x_wconf 88' lang='lat' dir='ltr'><strong>potius</strong></span> <span class='ocrx_word' id='word_1_129' title='bbox 1126 1959 1222 2022; x_wconf 86' lang='lat' dir='ltr'><strong>quam</strong></span> <span class='ocrx_word' id='word_1_130' title='bbox 1246 1938 1280 2000; x_wconf 90' lang='lat' dir='ltr'><strong>in</strong></span> <span class='ocrx_word' id='word_1_131' title='bbox 1302 1959 1324 2001; x_wconf 77' lang='lat' dir='ltr'><strong>u-</strong></span> <span class='ocrx_word' id='word_1_132' title='bbox 1347 1941 1450 2002; x_wconf 86' lang='lat' dir='ltr'><strong>trans-</strong></span> 
     </span>
     <span class='ocr_line' id='line_1_16' title="bbox 306 2043 1452 2128; baseline 0.001 -21"><span class='ocrx_word' id='word_1_133' title='bbox 306 2044 381 2108; x_wconf 88' lang='lat' dir='ltr'><strong>ierit</strong></span> <span class='ocrx_word' id='word_1_134' title='bbox 398 2046 432 2109; x_wconf 91' lang='lat' dir='ltr'><strong>in</strong></span> <span class='ocrx_word' id='word_1_135' title='bbox 447 2043 659 2109; x_wconf 80' lang='lat' dir='ltr'><strong>Pseudolus</strong></span> <span class='ocrx_word' id='word_1_136' title='bbox 679 2045 818 2128; x_wconf 87' lang='lat' dir='ltr'><strong>nomine,</strong></span> <span class='ocrx_word' id='word_1_137' title='bbox 837 2043 922 2128; x_wconf 94' lang='lat' dir='ltr'><strong>quod</strong></span> <span class='ocrx_word' id='word_1_138' title='bbox 941 2044 1051 2110; x_wconf 88' lang='lat' dir='ltr'><strong>nescio</strong></span> <span class='ocrx_word' id='word_1_139' title='bbox 1068 2067 1110 2109; x_wconf 88' lang='lat' dir='ltr'><strong>an</strong></span> <span class='ocrx_word' id='word_1_140' title='bbox 1125 2044 1340 2109; x_wconf 91' lang='lat' dir='ltr'><strong>Pseudulus</strong></span> <span class='ocrx_word' id='word_1_141' title='bbox 1355 2049 1452 2128; x_wconf 87' lang='lat' dir='ltr'><strong>poeta</strong></span> 
     </span>
     <span class='ocr_line' id='line_1_17' title="bbox 306 2149 1451 2236; baseline 0 -22"><span class='ocrx_word' id='word_1_142' title='bbox 306 2150 424 2216; x_wconf 75' lang='lat' dir='ltr'>dixerit</span> <span class='ocrx_word' id='word_1_143' title='bbox 438 2173 458 2214; x_wconf 89' lang='lat' dir='ltr'><strong>s</strong></span> <span class='ocrx_word' id='word_1_144' title='bbox 472 2151 637 2217; x_wconf 84' lang='grc' dir='ltr'>Ψευδύλο(</span> <span class='ocrx_word' id='word_1_145' title='bbox 652 2150 703 2236; x_wconf 90' lang='lat' dir='ltr'><strong>(ut</strong></span> <span class='ocrx_word' id='word_1_146' title='bbox 716 2149 895 2236; x_wconf 80' lang='grc' dir='ltr'>Φειδύλοε).</span> <span class='ocrx_word' id='word_1_147' title='bbox 929 2149 1102 2217; x_wconf 83' lang='lat' dir='ltr'><strong>Praeterea</strong></span> <span class='ocrx_word' id='word_1_148' title='bbox 1116 2174 1188 2216; x_wconf 90' lang='lat' dir='ltr'><strong>cum</strong></span> <span class='ocrx_word' id='word_1_149' title='bbox 1203 2151 1240 2216; x_wconf 88' lang='lat' dir='ltr'><strong>do</strong></span> <span class='ocrx_word' id='word_1_150' title='bbox 1255 2149 1283 2215; x_wconf 96' lang='lat' dir='ltr'>B</span> <span class='ocrx_word' id='word_1_151' title='bbox 1291 2149 1451 2234; x_wconf 80' lang='lat' dir='ltr'><strong>yrria**)</strong></span> 
     </span>
     <span class='ocr_line' id='line_1_18' title="bbox 308 2257 1451 2344; baseline -0.003 -22"><span class='ocrx_word' id='word_1_152' title='bbox 308 2257 406 2323; x_wconf 81' lang='lat' dir='ltr'><strong>Andr.</strong></span> <span class='ocrx_word' id='word_1_153' title='bbox 431 2257 512 2322; x_wconf 87' lang='lat' dir='ltr'><strong>satis</strong></span> <span class='ocrx_word' id='word_1_154' title='bbox 536 2262 671 2342; x_wconf 85' lang='lat' dir='ltr'><strong>constet,</strong></span> <span class='ocrx_word' id='word_1_155' title='bbox 694 2280 827 2342; x_wconf 88' lang='lat' dir='ltr'><strong>prorsus</strong></span> <span class='ocrx_word' id='word_1_156' title='bbox 852 2257 1027 2344; x_wconf 80' lang='lat' dir='ltr'><strong>singularis</strong></span> <span class='ocrx_word' id='word_1_157' title='bbox 1052 2262 1101 2324; x_wconf 88' lang='lat' dir='ltr'><strong>est</strong></span> <span class='ocrx_word' id='word_1_158' title='bbox 1125 2257 1282 2342; x_wconf 89' lang='lat' dir='ltr'><strong>Stilpho</strong></span> <span class='ocrx_word' id='word_1_159' title='bbox 1306 2258 1451 2321; x_wconf 87' lang='lat' dir='ltr'><strong>formae</strong></span> 
     </span>
     <span class='ocr_line' id='line_1_19' title="bbox 310 2363 1450 2450; baseline -0.004 -19"><span class='ocrx_word' id='word_1_160' title='bbox 310 2365 455 2431; x_wconf 86' lang='grc' dir='ltr'>(τίλπων</span> <span class='ocrx_word' id='word_1_161' title='bbox 478 2364 566 2430; x_wconf 87' lang='lat' dir='ltr'><strong>facta</strong></span> <span class='ocrx_word' id='word_1_162' title='bbox 587 2364 716 2430; x_wconf 88' lang='lat' dir='ltr'><strong>Phorm.</strong></span> <span class='ocrx_word' id='word_1_163' title='bbox 740 2366 769 2448; x_wconf 85' lang='lat'><strong>2,</strong></span> <span class='ocrx_word' id='word_1_164' title='bbox 793 2365 823 2450; x_wconf 88' lang='lat'><strong>3,</strong></span> <span class='ocrx_word' id='word_1_165' title='bbox 846 2365 898 2430; x_wconf 80' lang='lat'><strong>42.</strong></span> <span class='ocrx_word' id='word_1_166' title='bbox 921 2367 974 2448; x_wconf 84' lang='lat'><strong>43,</strong></span> <span class='ocrx_word' id='word_1_167' title='bbox 997 2386 1063 2430; x_wconf 91' lang='lat' dir='ltr'><strong>non</strong></span> <span class='ocrx_word' id='word_1_168' title='bbox 1086 2365 1342 2448; x_wconf 77' lang='lat' dir='ltr'><strong>discrepantibus</strong></span> <span class='ocrx_word' id='word_1_169' title='bbox 1366 2363 1450 2428; x_wconf 90' lang='lat' dir='ltr'><strong>codi-</strong></span> 
     </span>
     <span class='ocr_line' id='line_1_20' title="bbox 306 2469 1452 2537; baseline -0.003 -2"><span class='ocrx_word' id='word_1_170' title='bbox 306 2471 407 2536; x_wconf 84' lang='lat' dir='ltr'><strong>cibus.</strong></span> <span class='ocrx_word' id='word_1_171' title='bbox 461 2469 588 2536; x_wconf 80' lang='lat' dir='ltr'><strong>Certior</strong></span> <span class='ocrx_word' id='word_1_172' title='bbox 624 2472 722 2537; x_wconf 88' lang='lat' dir='ltr'><strong>etiam</strong></span> <span class='ocrx_word' id='word_1_173' title='bbox 760 2472 795 2535; x_wconf 91' lang='lat' dir='ltr'><strong>in</strong></span> <span class='ocrx_word' id='word_1_174' title='bbox 829 2471 985 2536; x_wconf 86' lang='lat' dir='ltr'><strong>mutanda</strong></span> <span class='ocrx_word' id='word_1_175' title='bbox 1015 2469 1243 2536; x_wconf 86' lang='lat' dir='ltr'><strong>terminatione</strong></span> <span class='ocrx_word' id='word_1_176' title='bbox 1276 2469 1452 2534; x_wconf 87' lang='lat' dir='ltr'><strong>latinorum</strong></span> 
     </span>
     <span class='ocr_line' id='line_1_21' title="bbox 305 2576 1452 2662; baseline -0.002 -20"><span class='ocrx_word' id='word_1_177' title='bbox 305 2581 474 2662; x_wconf 87' lang='lat' dir='ltr'><strong>poetarum</strong></span> <span class='ocrx_word' id='word_1_178' title='bbox 512 2578 652 2644; x_wconf 90' lang='lat' dir='ltr'><strong>licentia.</strong></span> <span class='ocrx_word' id='word_1_179' title='bbox 702 2577 835 2662; x_wconf 89' lang='lat' dir='ltr'><strong>Ineptus</strong></span> <span class='ocrx_word' id='word_1_180' title='bbox 868 2579 912 2642; x_wconf 90' lang='lat' dir='ltr'><strong>sit</strong></span> <span class='ocrx_word' id='word_1_181' title='bbox 944 2578 1104 2662; x_wconf 90' lang='lat' dir='ltr'><strong>profecto,</strong></span> <span class='ocrx_word' id='word_1_182' title='bbox 1140 2577 1196 2662; x_wconf 93' lang='lat' dir='ltr'><strong>qui</strong></span> <span class='ocrx_word' id='word_1_183' title='bbox 1229 2576 1267 2641; x_wconf 88' lang='lat' dir='ltr'><strong>de</strong></span> <span class='ocrx_word' id='word_1_184' title='bbox 1300 2576 1452 2656; x_wconf 82' lang='grc' dir='ltr'>Αἴ(χινο(,</span> 
     </span>
     <span class='ocr_line' id='line_1_22' title="bbox 305 2683 1452 2770; baseline -0.004 -20"><span class='ocrx_word' id='word_1_185' title='bbox 305 2685 444 2763; x_wconf 87' lang='grc' dir='ltr'>Εὔτυχο(</span> <span class='ocrx_word' id='word_1_186' title='bbox 463 2685 650 2750; x_wconf 90' lang='lat' dir='ltr'><strong>nominibus</strong></span> <span class='ocrx_word' id='word_1_187' title='bbox 670 2685 792 2770; x_wconf 78' lang='lat' dir='ltr'><strong>cogitet</strong></span> <span class='ocrx_word' id='word_1_188' title='bbox 810 2687 943 2768; x_wconf 86' lang='lat' dir='ltr'><strong>propter</strong></span> <span class='ocrx_word' id='word_1_189' title='bbox 956 2685 1061 2748; x_wconf 89' lang='lat' dir='ltr'><strong>latina</strong></span> <span class='ocrx_word' id='word_1_190' title='bbox 1074 2683 1291 2748; x_wconf 85' lang='lat' dir='ltr'><strong>Aeschinus</strong></span> <span class='ocrx_word' id='word_1_191' title='bbox 1307 2683 1452 2766; x_wconf 83' lang='lat' dir='ltr'><strong>Adelph,</strong></span> 
     </span>
     <span class='ocr_line' id='line_1_23' title="bbox 305 2789 1452 2875; baseline -0.001 -21"><span class='ocrx_word' id='word_1_192' title='bbox 305 2789 505 2875; x_wconf 86' lang='lat' dir='ltr'><strong>Eutychus</strong></span> <span class='ocrx_word' id='word_1_193' title='bbox 524 2789 630 2868; x_wconf 75' lang='lat' dir='ltr'><strong>Mero,</strong></span> <span class='ocrx_word' id='word_1_194' title='bbox 654 2790 862 2875; x_wconf 85' lang='lat' dir='ltr'><strong>quantumvis</strong></span> <span class='ocrx_word' id='word_1_195' title='bbox 886 2793 1102 2856; x_wconf 82' lang='lat' dir='ltr'><strong>contestatam</strong></span> <span class='ocrx_word' id='word_1_196' title='bbox 1126 2789 1303 2854; x_wconf 86' lang='lat' dir='ltr'><strong>habeamus</strong></span> <span class='ocrx_word' id='word_1_197' title='bbox 1322 2795 1452 2873; x_wconf 89' lang='lat' dir='ltr'><strong>praeter</strong></span> 
     </span>
     <span class='ocr_line' id='line_1_24' title="bbox 305 2894 1451 2980; baseline -0.002 -19"><span class='ocrx_word' id='word_1_198' title='bbox 305 2895 444 2977; x_wconf 74' lang='grc' dir='ltr'>Εὐτυχῆ(</span> <span class='ocrx_word' id='word_1_199' title='bbox 468 2897 567 2961; x_wconf 88' lang='lat' dir='ltr'><strong>etiam</strong></span> <span class='ocrx_word' id='word_1_200' title='bbox 592 2896 759 2976; x_wconf 88' lang='grc' dir='ltr'>Εὔτυχο(</span> <span class='ocrx_word' id='word_1_201' title='bbox 783 2897 935 2980; x_wconf 81' lang='lat' dir='ltr'><strong>formem3</strong></span> <span class='ocrx_word' id='word_1_202' title='bbox 958 2917 1017 2961; x_wconf 87' lang='lat' dir='ltr'><strong>nec</strong></span> <span class='ocrx_word' id='word_1_203' title='bbox 1040 2894 1259 2961; x_wconf 84' lang='lat' dir='ltr'><strong>Daemones</strong></span> <span class='ocrx_word' id='word_1_204' title='bbox 1280 2895 1365 2961; x_wconf 84' lang='lat' dir='ltr'><strong>Rud.</strong></span> <span class='ocrx_word' id='word_1_205' title='bbox 1387 2917 1451 2959; x_wconf 94' lang='lat' dir='ltr'><strong>non</strong></span> 
     </span>
     <span class='ocr_line' id='line_1_25' title="bbox 306 3002 1452 3088; baseline 0 -22"><span class='ocrx_word' id='word_1_206' title='bbox 306 3026 326 3066; x_wconf 89' lang='lat' dir='ltr'><strong>a</strong></span> <span class='ocrx_word' id='word_1_207' title='bbox 345 3003 563 3082; x_wconf 86' lang='grc' dir='ltr'>Δαιμονεύ(</span> <span class='ocrx_word' id='word_1_208' title='bbox 586 3002 708 3067; x_wconf 85' lang='lat' dir='ltr'><strong>iactum</strong></span> <span class='ocrx_word' id='word_1_209' title='bbox 732 3003 873 3088; x_wconf 86' lang='lat' dir='ltr'><strong>putabis,</strong></span> <span class='ocrx_word' id='word_1_210' title='bbox 896 3003 981 3087; x_wconf 92' lang='lat' dir='ltr'><strong>quod</strong></span> <span class='ocrx_word' id='word_1_211' title='bbox 1005 3003 1105 3067; x_wconf 88' lang='lat' dir='ltr'><strong>semel</strong></span> <span class='ocrx_word' id='word_1_212' title='bbox 1125 3003 1227 3067; x_wconf 87' lang='lat' dir='ltr'><strong>estin</strong></span> <span class='ocrx_word' id='word_1_213' title='bbox 1242 3003 1452 3088; x_wconf 85' lang='lat' dir='ltr'><strong>Anthologia.</strong></span> 
     </span>
     <span class='ocr_line' id='line_1_26' title="bbox 306 3108 1452 3202; baseline -0.001 -29"><span class='ocrx_word' id='word_1_214' title='bbox 306 3108 353 3173; x_wconf 88' lang='lat' dir='ltr'><strong>Vt</strong></span> <span class='ocrx_word' id='word_1_215' title='bbox 383 3113 492 3202; x_wconf 82' lang='lat' dir='ltr'><strong>autom</strong></span> <span class='ocrx_word' id='word_1_216' title='bbox 522 3109 560 3172; x_wconf 87' lang='lat' dir='ltr'><strong>de</strong></span> <span class='ocrx_word' id='word_1_217' title='bbox 583 3109 764 3190; x_wconf 79' lang='grc' dir='ltr'>Δαιμόνηε,</span> <span class='ocrx_word' id='word_1_218' title='bbox 794 3110 842 3173; x_wconf 89' lang='lat' dir='ltr'><strong>ita</strong></span> <span class='ocrx_word' id='word_1_219' title='bbox 869 3109 961 3174; x_wconf 87' lang='lat' dir='ltr'><strong>valde</strong></span> <span class='ocrx_word' id='word_1_220' title='bbox 990 3109 1102 3174; x_wconf 89' lang='lat' dir='ltr'><strong>dubito</strong></span> <span class='ocrx_word' id='word_1_221' title='bbox 1132 3109 1170 3174; x_wconf 85' lang='lat' dir='ltr'><strong>de</strong></span> <span class='ocrx_word' id='word_1_222' title='bbox 1193 3111 1368 3192; x_wconf 80' lang='lat' dir='ltr'><strong>Trivbopoc,</strong></span> <span class='ocrx_word' id='word_1_223' title='bbox 1391 3109 1452 3174; x_wconf 86' lang='lat' dir='ltr'><strong>etsi</strong></span> 
     </span>
     <span class='ocr_line' id='line_1_27' title="bbox 306 3213 1476 3302; baseline 0.001 -24"><span class='ocrx_word' id='word_1_224' title='bbox 306 3213 509 3299; x_wconf 79' lang='lat' dir='ltr'><strong>Tyndarus</strong></span> <span class='ocrx_word' id='word_1_225' title='bbox 534 3217 584 3279; x_wconf 89' lang='lat' dir='ltr'><strong>est</strong></span> <span class='ocrx_word' id='word_1_226' title='bbox 601 3215 711 3278; x_wconf 86' lang='lat' dir='ltr'><strong>latine.</strong></span> <span class='ocrx_word' id='word_1_227' title='bbox 749 3213 810 3279; x_wconf 85' lang='lat' dir='ltr'><strong>Sed</strong></span> <span class='ocrx_word' id='word_1_228' title='bbox 829 3213 1022 3298; x_wconf 85' lang='lat' dir='ltr'><strong>exquisitius</strong></span> <span class='ocrx_word' id='word_1_229' title='bbox 1042 3213 1121 3279; x_wconf 95' lang='lat' dir='ltr'><strong>illud</strong></span> <span class='ocrx_word' id='word_1_230' title='bbox 1143 3217 1306 3301; x_wconf 88' lang='lat' dir='ltr'><strong>estquod,</strong></span> <span class='ocrx_word' id='word_1_231' title='bbox 1329 3217 1356 3281; x_wconf 94' lang='lat' dir='ltr'><strong>si</strong></span> <span class='ocrx_word' id='word_1_232' title='bbox 1375 3215 1451 3300; x_wconf 89' lang='lat' dir='ltr'><strong>quid</strong></span> <span class='ocrx_word' id='word_1_233' title='bbox 1469 3289 1476 3302; x_wconf 29' lang='lat' dir='ltr'>x</span> 
     </span>
     <span class='ocr_line' id='line_1_28' title="bbox 306 3319 1452 3405; baseline 0.002 -19"><span class='ocrx_word' id='word_1_234' title='bbox 306 3321 413 3399; x_wconf 88' lang='lat' dir='ltr'><strong>video,</strong></span> <span class='ocrx_word' id='word_1_235' title='bbox 442 3322 475 3386; x_wconf 92' lang='lat' dir='ltr'><strong>in</strong></span> <span class='ocrx_word' id='word_1_236' title='bbox 499 3319 644 3405; x_wconf 83' lang='lat' dir='ltr'><strong>Captivis</strong></span> <span class='ocrx_word' id='word_1_237' title='bbox 668 3321 976 3405; x_wconf 85' lang='lat' dir='ltr'><strong>Aristophontes</strong></span> <span class='ocrx_word' id='word_1_238' title='bbox 1004 3342 1122 3387; x_wconf 87' lang='lat' dir='ltr'><strong>nomen</strong></span> <span class='ocrx_word' id='word_1_239' title='bbox 1144 3343 1211 3386; x_wconf 91' lang='lat' dir='ltr'><strong>non</strong></span> <span class='ocrx_word' id='word_1_240' title='bbox 1234 3327 1285 3388; x_wconf 86' lang='lat' dir='ltr'><strong>est</strong></span> <span class='ocrx_word' id='word_1_241' title='bbox 1307 3323 1348 3388; x_wconf 86' lang='lat' dir='ltr'><strong>ad</strong></span> <span class='ocrx_word' id='word_1_242' title='bbox 1372 3322 1452 3402; x_wconf 83' lang='grc' dir='ltr'>Ἀρι-</span> 
     </span>
     <span class='ocr_line' id='line_1_29' title="bbox 308 3428 1453 3514; baseline -0.002 -20"><span class='ocrx_word' id='word_1_243' title='bbox 308 3428 487 3509; x_wconf 82' lang='grc' dir='ltr'>(τοφόντηε</span> <span class='ocrx_word' id='word_1_244' title='bbox 519 3428 656 3493; x_wconf 84' lang='lat' dir='ltr'><strong>formam</strong></span> <span class='ocrx_word' id='word_1_245' title='bbox 691 3428 923 3512; x_wconf 86' lang='lat' dir='ltr'><strong>revocandum,</strong></span> <span class='ocrx_word' id='word_1_246' title='bbox 955 3449 1037 3513; x_wconf 86' lang='lat' dir='ltr'><strong>quae</strong></span> <span class='ocrx_word' id='word_1_247' title='bbox 1070 3429 1120 3494; x_wconf 93' lang='lat' dir='ltr'><strong>sui</strong></span> <span class='ocrx_word' id='word_1_248' title='bbox 1153 3429 1293 3495; x_wconf 90' lang='lat' dir='ltr'><strong>similem</strong></span> <span class='ocrx_word' id='word_1_249' title='bbox 1326 3433 1453 3514; x_wconf 85' lang='lat' dir='ltr'><strong>praeter</strong></span> 
     </span>
     <span class='ocr_line' id='line_1_30' title="bbox 307 3534 1450 3618; baseline -0.001 -17"><span class='ocrx_word' id='word_1_250' title='bbox 307 3534 533 3615; x_wconf 71' lang='lat' dir='ltr'><strong>‘Aprcrpdrmc</strong></span> <span class='ocrx_word' id='word_1_251' title='bbox 560 3535 684 3599; x_wconf 91' lang='lat' dir='ltr'><strong>nullam</strong></span> <span class='ocrx_word' id='word_1_252' title='bbox 709 3535 842 3618; x_wconf 88' lang='lat' dir='ltr'><strong>habeat,</strong></span> <span class='ocrx_word' id='word_1_253' title='bbox 866 3536 921 3601; x_wconf 92' lang='lat' dir='ltr'><strong>sed</strong></span> <span class='ocrx_word' id='word_1_254' title='bbox 947 3536 987 3601; x_wconf 87' lang='lat' dir='ltr'><strong>ad</strong></span> <span class='ocrx_word' id='word_1_255' title='bbox 1012 3534 1257 3617; x_wconf 72' lang='grc' dir='ltr'>Ἀρκτοφῶν,</span> <span class='ocrx_word' id='word_1_256' title='bbox 1291 3541 1450 3617; x_wconf 78' lang='grc' dir='ltr'>-φῶνταε</span> 
     </span>
     <span class='ocr_line' id='line_1_31' title="bbox 307 3640 1452 3728; baseline 0.002 -23"><span class='ocrx_word' id='word_1_257' title='bbox 307 3641 435 3726; x_wconf 90' lang='lat' dir='ltr'><strong>quando</strong></span> <span class='ocrx_word' id='word_1_258' title='bbox 460 3641 642 3706; x_wconf 89' lang='lat' dir='ltr'><strong>inauditum</strong></span> <span class='ocrx_word' id='word_1_259' title='bbox 666 3641 928 3725; x_wconf 77' lang='grc' dir='ltr'>Ἀρατοφώντη(</span> <span class='ocrx_word' id='word_1_260' title='bbox 975 3640 1035 3708; x_wconf 80' lang='lat' dir='ltr'><strong>Oui</strong></span> <span class='ocrx_word' id='word_1_261' title='bbox 1060 3643 1168 3727; x_wconf 88' lang='lat' dir='ltr'><strong>aliqua</strong></span> <span class='ocrx_word' id='word_1_262' title='bbox 1191 3665 1230 3708; x_wconf 85' lang='lat' dir='ltr'><strong>ex</strong></span> <span class='ocrx_word' id='word_1_263' title='bbox 1253 3648 1346 3728; x_wconf 78' lang='lat' dir='ltr'><strong>perte</strong></span> <span class='ocrx_word' id='word_1_264' title='bbox 1369 3665 1452 3709; x_wconf 89' lang='lat' dir='ltr'><strong>com-</strong></span> 
     </span>
    </p>
   </div>
   <div class='ocr_carea' id='block_1_3' title="bbox 306 3867 1453 4296">
    <p class='ocr_par' dir='ltr' id='par_1_3' title="bbox 306 3867 1453 4296">
     <span class='ocr_line' id='line_1_32' title="bbox 363 3867 1452 3942; baseline 0.004 -18"><span class='ocrx_word' id='word_1_265' title='bbox 363 3870 389 3937; x_wconf 76' lang='grc' dir='ltr'><strong>*λ</strong></span> <span class='ocrx_word' id='word_1_266' title='bbox 409 3869 467 3924; x_wconf 86' lang='lat' dir='ltr'><strong>Soli</strong></span> <span class='ocrx_word' id='word_1_267' title='bbox 486 3869 533 3924; x_wconf 86' lang='lat' dir='ltr'><strong>vol</strong></span> <span class='ocrx_word' id='word_1_268' title='bbox 551 3867 637 3925; x_wconf 89' lang='lat' dir='ltr'><strong>errori</strong></span> <span class='ocrx_word' id='word_1_269' title='bbox 655 3869 700 3924; x_wconf 86' lang='lat' dir='ltr'><strong>vel</strong></span> <span class='ocrx_word' id='word_1_270' title='bbox 719 3871 914 3940; x_wconf 82' lang='lat' dir='ltr'><strong>neglegentiae</strong></span> <span class='ocrx_word' id='word_1_271' title='bbox 933 3869 1113 3925; x_wconf 86' lang='lat' dir='ltr'><strong>scribentium</strong></span> <span class='ocrx_word' id='word_1_272' title='bbox 1132 3869 1281 3928; x_wconf 81' lang='lat' dir='ltr'><strong>tribuenda</strong></span> <span class='ocrx_word' id='word_1_273' title='bbox 1299 3875 1364 3928; x_wconf 88' lang='lat' dir='ltr'><strong>sunt</strong></span> <span class='ocrx_word' id='word_1_274' title='bbox 1381 3889 1452 3942; x_wconf 83' lang='lat' dir='ltr'><strong>quae</strong></span> 
     </span>
     <span class='ocr_line' id='line_1_33' title="bbox 307 3957 1451 4028; baseline 0.002 -16"><span class='ocrx_word' id='word_1_275' title='bbox 307 3975 446 4027; x_wconf 87' lang='lat' dir='ltr'><strong>perpauca</strong></span> <span class='ocrx_word' id='word_1_276' title='bbox 465 3957 629 4013; x_wconf 84' lang='lat' dir='ltr'><strong>offendimus</strong></span> <span class='ocrx_word' id='word_1_277' title='bbox 647 3975 665 4013; x_wconf 86' lang='lat' dir='ltr'><strong>a</strong></span> <span class='ocrx_word' id='word_1_278' title='bbox 680 3961 776 4014; x_wconf 88' lang='grc' dir='ltr'>Καλι-</span> <span class='ocrx_word' id='word_1_279' title='bbox 794 3957 966 4028; x_wconf 81' lang='lat' dir='ltr'><strong>incipientia,</strong></span> <span class='ocrx_word' id='word_1_280' title='bbox 984 3958 1081 4027; x_wconf 85' lang='lat' dir='ltr'><strong>qualis</strong></span> <span class='ocrx_word' id='word_1_281' title='bbox 1100 3977 1115 4013; x_wconf 91' lang='lat' dir='ltr'><strong>e</strong></span> <span class='ocrx_word' id='word_1_282' title='bbox 1138 3961 1258 4016; x_wconf 87' lang='lat' dir='ltr'><strong>vasculis</strong></span> <span class='ocrx_word' id='word_1_283' title='bbox 1272 3961 1380 4017; x_wconf 85' lang='lat' dir='ltr'><strong>Koilius</strong></span> <span class='ocrx_word' id='word_1_284' title='bbox 1395 3963 1412 4017; x_wconf 93' lang='lat' dir='ltr'><strong>l.</strong></span> <span class='ocrx_word' id='word_1_285' title='bbox 1428 3979 1451 4015; x_wconf 90' lang='lat' dir='ltr'><strong>c.</strong></span> 
     </span>
     <span class='ocr_line' id='line_1_34' title="bbox 307 4047 1451 4122; baseline 0.002 -20"><span class='ocrx_word' id='word_1_286' title='bbox 307 4047 543 4103; x_wconf 78' lang='lat' dir='ltr'><strong>commemoravit</strong></span> <span class='ocrx_word' id='word_1_287' title='bbox 583 4047 663 4113; x_wconf 82' lang='lat' dir='ltr'><strong>Quod</strong></span> <span class='ocrx_word' id='word_1_288' title='bbox 687 4047 799 4116; x_wconf 86' lang='lat' dir='ltr'><strong>quidem</strong></span> <span class='ocrx_word' id='word_1_289' title='bbox 823 4047 863 4102; x_wconf 85' lang='lat' dir='ltr'><strong>ita</strong></span> <span class='ocrx_word' id='word_1_290' title='bbox 888 4063 946 4102; x_wconf 86' lang='lat' dir='ltr'><strong>osse</strong></span> <span class='ocrx_word' id='word_1_291' title='bbox 965 4047 1011 4102; x_wconf 84' lang='lat' dir='ltr'><strong>vel</strong></span> <span class='ocrx_word' id='word_1_292' title='bbox 1029 4048 1134 4104; x_wconf 88' lang='lat' dir='ltr'><strong>letinae</strong></span> <span class='ocrx_word' id='word_1_293' title='bbox 1152 4049 1349 4122; x_wconf 83' lang='lat' dir='ltr'><strong>inscriptiones</strong></span> <span class='ocrx_word' id='word_1_294' title='bbox 1368 4051 1451 4105; x_wconf 83' lang='lat' dir='ltr'><strong>docu-</strong></span> 
     </span>
     <span class='ocr_line' id='line_1_35' title="bbox 306 4135 1453 4208; baseline 0.002 -18"><span class='ocrx_word' id='word_1_295' title='bbox 306 4138 401 4190; x_wconf 88' lang='lat' dir='ltr'><strong>mento</strong></span> <span class='ocrx_word' id='word_1_296' title='bbox 425 4137 503 4206; x_wconf 83' lang='lat' dir='ltr'><strong>suut,</strong></span> <span class='ocrx_word' id='word_1_297' title='bbox 526 4135 554 4190; x_wconf 89' lang='lat' dir='ltr'><strong>iu</strong></span> <span class='ocrx_word' id='word_1_298' title='bbox 574 4135 674 4206; x_wconf 88' lang='lat' dir='ltr'><strong>quibus</strong></span> <span class='ocrx_word' id='word_1_299' title='bbox 694 4135 849 4206; x_wconf 81' lang='lat' dir='ltr'><strong>Callope,</strong></span> <span class='ocrx_word' id='word_1_300' title='bbox 874 4135 1054 4207; x_wconf 82' lang='lat' dir='ltr'><strong>Oalippus,</strong></span> <span class='ocrx_word' id='word_1_301' title='bbox 1077 4135 1225 4208; x_wconf 83' lang='lat' dir='ltr'><strong>Calisto,</strong></span> <span class='ocrx_word' id='word_1_302' title='bbox 1251 4137 1405 4194; x_wconf 82' lang='lat' dir='ltr'><strong>Calistus</strong></span> <span class='ocrx_word' id='word_1_303' title='bbox 1424 4139 1453 4192; x_wconf 86' lang='lat' dir='ltr'><strong>et</strong></span> 
     </span>
     <span class='ocr_line' id='line_1_36' title="bbox 308 4211 930 4296; baseline 0.002 -16"><span class='ocrx_word' id='word_1_304' title='bbox 308 4226 337 4281; x_wconf 91' lang='lat' dir='ltr'><strong>id</strong></span> <span class='ocrx_word' id='word_1_305' title='bbox 355 4243 443 4296; x_wconf 81' lang='lat' dir='ltr'><strong>genus</strong></span> <span class='ocrx_word' id='word_1_306' title='bbox 462 4227 520 4280; x_wconf 90' lang='lat' dir='ltr'><strong>alia</strong></span> <span class='ocrx_word' id='word_1_307' title='bbox 536 4213 591 4280; x_wconf 87' lang='lat' dir='ltr'><strong>riou</strong></span> <span class='ocrx_word' id='word_1_308' title='bbox 610 4228 676 4281; x_wconf 85' lang='lat' dir='ltr'><strong>suut</strong></span> <span class='ocrx_word' id='word_1_309' title='bbox 693 4242 764 4281; x_wconf 86' lang='lat' dir='ltr'><strong>rara.</strong></span> <span class='ocrx_word' id='word_1_310' title='bbox 921 4211 930 4228; x_wconf 75' lang='grc'>’</span> 
     </span>
    </p>
   </div>
   <div class='ocr_carea' id='block_1_4' title="bbox 307 4333 1454 4584">
    <p class='ocr_par' dir='ltr' id='par_1_4' title="bbox 307 4333 1454 4584">
     <span class='ocr_line' id='line_1_37' title="bbox 363 4333 1453 4404; baseline 0.004 -19"><span class='ocrx_word' id='word_1_311' title='bbox 363 4333 404 4402; x_wconf 79' lang='grc'><strong>**)</strong></span> <span class='ocrx_word' id='word_1_312' title='bbox 423 4333 476 4386; x_wconf 88' lang='lat' dir='ltr'><strong>Vel</strong></span> <span class='ocrx_word' id='word_1_313' title='bbox 494 4333 587 4403; x_wconf 84' lang='lat' dir='ltr'><strong>polius</strong></span> <span class='ocrx_word' id='word_1_314' title='bbox 602 4335 652 4388; x_wconf 83' lang='lat' dir='ltr'><strong>aut</strong></span> <span class='ocrx_word' id='word_1_315' title='bbox 665 4333 778 4388; x_wconf 86' lang='lat' dir='ltr'><strong>Birria</strong></span> <span class='ocrx_word' id='word_1_316' title='bbox 797 4333 847 4386; x_wconf 88' lang='lat' dir='ltr'><strong>aut</strong></span> <span class='ocrx_word' id='word_1_317' title='bbox 861 4333 993 4388; x_wconf 80' lang='lat' dir='ltr'><strong>Bnrrias</strong></span> <span class='ocrx_word' id='word_1_318' title='bbox 1014 4334 1249 4404; x_wconf 84' lang='lat' dir='ltr'><strong>quemadmodum</strong></span> <span class='ocrx_word' id='word_1_319' title='bbox 1265 4335 1349 4390; x_wconf 86' lang='lat' dir='ltr'><strong>Sura</strong></span> <span class='ocrx_word' id='word_1_320' title='bbox 1363 4335 1453 4390; x_wconf 76' lang='lat' dir='ltr'><strong>forma</strong></span> 
     </span>
     <span class='ocr_line' id='line_1_38' title="bbox 307 4421 1454 4494; baseline 0.003 -20"><span class='ocrx_word' id='word_1_321' title='bbox 307 4421 336 4474; x_wconf 94' lang='lat' dir='ltr'><strong>in</strong></span> <span class='ocrx_word' id='word_1_322' title='bbox 358 4421 473 4490; x_wconf 83' lang='lat' dir='ltr'><strong>optimis</strong></span> <span class='ocrx_word' id='word_1_323' title='bbox 497 4421 575 4477; x_wconf 88' lang='lat' dir='ltr'><strong>libris</strong></span> <span class='ocrx_word' id='word_1_324' title='bbox 594 4425 705 4478; x_wconf 82' lang='lat' dir='ltr'><strong>serrata</strong></span> <span class='ocrx_word' id='word_1_325' title='bbox 723 4425 766 4477; x_wconf 87' lang='lat' dir='ltr'><strong>est</strong></span> <span class='ocrx_word' id='word_1_326' title='bbox 784 4421 894 4477; x_wconf 83' lang='lat' dir='ltr'><strong>Trucul.</strong></span> <span class='ocrx_word' id='word_1_327' title='bbox 914 4429 940 4492; x_wconf 76' lang='lat'><strong>2,</strong></span> <span class='ocrx_word' id='word_1_328' title='bbox 958 4429 984 4492; x_wconf 82' lang='lat'><strong>4,</strong></span> <span class='ocrx_word' id='word_1_329' title='bbox 1004 4431 1046 4480; x_wconf 79' lang='lat'><strong>51.</strong></span> <span class='ocrx_word' id='word_1_330' title='bbox 1066 4431 1091 4494; x_wconf 83' lang='grc'><strong>6,</strong></span> <span class='ocrx_word' id='word_1_331' title='bbox 1110 4431 1145 4478; x_wconf 83' lang='grc'><strong>49</strong></span> <span class='ocrx_word' id='word_1_332' title='bbox 1165 4427 1195 4479; x_wconf 84' lang='lat' dir='ltr'><strong>ct</strong></span> <span class='ocrx_word' id='word_1_333' title='bbox 1213 4431 1246 4479; x_wconf 71' lang='lat'><strong>60</strong></span> <span class='ocrx_word' id='word_1_334' title='bbox 1265 4423 1400 4494; x_wconf 87' lang='lat' dir='ltr'><strong>(Suria),</strong></span> <span class='ocrx_word' id='word_1_335' title='bbox 1424 4425 1454 4478; x_wconf 89' lang='lat' dir='ltr'><strong>et</strong></span> 
     </span>
     <span class='ocr_line' id='line_1_39' title="bbox 307 4507 966 4584; baseline 0.006 -22"><span class='ocrx_word' id='word_1_336' title='bbox 307 4507 439 4564; x_wconf 82' lang='lat' dir='ltr'><strong>tenuibus</strong></span> <span class='ocrx_word' id='word_1_337' title='bbox 457 4510 622 4577; x_wconf 88' lang='lat' dir='ltr'><strong>quibusdam</strong></span> <span class='ocrx_word' id='word_1_338' title='bbox 640 4510 767 4584; x_wconf 81' lang='lat' dir='ltr'><strong>vestigiis</strong></span> <span class='ocrx_word' id='word_1_339' title='bbox 786 4510 872 4565; x_wconf 86' lang='lat' dir='ltr'><strong>ctiam</strong></span> <span class='ocrx_word' id='word_1_340' title='bbox 890 4511 966 4568; x_wconf 84' lang='lat' dir='ltr'><strong>alibi.</strong></span> 
     </span>
    </p>
   </div>
   <div class='ocr_carea' id='block_1_5' title="bbox 0 0 1655 5104">
    <p class='ocr_par' dir='ltr' id='par_1_5' title="bbox 0 0 1655 5104">
     <span class='ocr_line' id='line_1_40' title="bbox 0 0 1655 5104; baseline 0 0"><span class='ocrx_word' id='word_1_341' title='bbox 0 0 1655 5104; x_wconf 95' lang='lat' dir='ltr'><strong> </strong></span> 
     </span>
    </p>
   </div>
  </div>
 </body>
</html>
