3294 5104
505 412 744 473 oveasslouas
769 411 1104 462 ouounronoamnx.
1309 397 1374 461 310

275 579 304 621 ν.
330 556 371 620 16
395 559 428 619 et
453 556 502 619 17.
547 554 637 619 Adde
666 559 954 621 commemoratum
982 578 1002 620 a
1029 553 1208 620 Ribbeckio
1233 555 1375 622 Ammia-

276 685 354 728 num
377 661 603 728 Marcellinum
617 661 770 747 XXVHI,
792 664 823 748 4,
841 665 897 728 27:
920 683 1046 744 maeque
1067 667 1209 728 mutum
1231 664 1281 728 sco
1302 666 1378 745 qaid

270 775 395 853 petant,
426 775 556 835 soccatos
587 775 623 834 ut
648 770 794 835 Miconas
820 770 933 836 videos
960 775 989 834 et
1015 769 1181 835 Iactatae:
1213 770 1261 835 ita
1289 771 1374 836 enim

276 875 469 961 corrigenda
496 876 645 942 videntur
673 898 753 960 quae
782 877 958 962 vulgantur
982 897 1079 942 soccos
1101 882 1130 942 ct
1151 877 1216 942 M.:
1247 879 1376 962 quando

275 984 341 1048 illis
364 984 560 1048 cothurnatos
582 989 611 1048 ct
633 985 770 1066 tetraidos
787 989 823 1048 ot
840 984 1026 1050 Heraclidas
1045 983 1259 1067 Cresphontem
1276 990 1304 1048 et
1324 985 1377 1048 Tc-

276 1111 399 1155 merram
423 1091 563 1174 scriptor
587 1091 730 1174 opponit.
778 1088 826 1156 Cf.
850 1091 935 1156 infre
959 1093 1079 1158 Μίκων.

233 1200 373 1264 Λέαινα
395 1195 558 1262 Leaena:
583 1219 663 1262 anus
683 1194 894 1262 Curculionis.
928 1197 1042 1282 Inepte
1057 1199 1261 1264 scribebatur
1278 1199 1312 1263 in
1330 1199 1378 1264 in·

277 1305 345 1370 dice
378 1325 588 1389 personarum
617 1304 705 1369 Lena
731 1325 828 1370 anus:
860 1325 920 1370 nee
948 1305 1054 1370 minus
1082 1306 1190 1390 inepte
1218 1305 1247 1383 Ι,
1277 1307 1309 1388 1,
1334 1306 1374 1370 77

276 1413 432 1478 edebatur
455 1411 547 1476 Aoos
574 1409 630 1479 bic.
649 1411 723 1476 solet
750 1411 885 1475 actitare
906 1417 1005 1478 aratos
1026 1413 1176 1477 antea:
1204 1413 1378 1478 Nemeaei

276 1525 320 1583 cst
341 1519 434 1584 terrac.
471 1517 563 1594 Quod
585 1541 659 1582 eum
678 1517 797 1582 dudum
817 1517 935 1602 corrigi
955 1518 1162 1602 oportuisset,
1185 1520 1376 1602 praesertim

273 1647 345 1690 eum
369 1624 474 1689 Vetus
503 1624 658 1708 scriptum
686 1624 854 1690 exhiberet
877 1626 1011 1690 bbmcni
1037 1630 1081 1690 est
1103 1626 1194 1704 bene,
1222 1631 1376 1692 tamena

275 1731 483 1797 Fleckeiseno
502 1731 629 1794 demum
648 1753 762 1815 reapse
781 1735 832 1796 est
850 1735 1040 1815 correctum,
1055 1732 1243 1816 sicquidem
1261 1733 1281 1796 l.
1300 1756 1323 1796 s.
1339 1755 1376 1797 a:

276 1839 397 1903 Nomen
420 1837 597 1920 Lceenaat,
619 1837 804 1922 pariterque
828 1837 853 1922 I,
876 1838 907 1920 2,
930 1837 974 1902 20
992 1835 1087 1924 (113)
1110 1838 1234 1920 Ra'spico
1256 1839 1299 1902 ad
1319 1839 1375 1919 ore,

277 1945 400 2008 Lauare
420 1966 449 2007 ::
469 1943 626 2024 tnperatdr
655 1945 724 2026 qais
751 1949 807 2028 est,
836 1945 893 2009 nbi
921 1966 999 2008 sane
1027 1943 1096 2008 tona
1126 1945 1232 2010 estin
1257 1943 1375 2010 Vetere

276 2050 455 2134 ceterisque
477 2049 571 2114 libris
595 2051 753 2116 omnibus.
773 2088 815 2096 —-
834 2049 931 2114 Redit
949 2051 1131 2116 muliercula
1147 2053 1271 2117 Leaena
1290 2051 1374 2135 apud

273 2155 455 2222 Varronem
479 2155 517 2220 de
541 2155 704 2240 1.1ae.V‚
732 2158 807 2223 100:
831 2157 870 2222 cf.
893 2157 1041 2223 Muelleri
1066 2159 1106 2222 ad
1129 2157 1260 2223 Festum
1284 2181 1373 2242 prae-

273 2263 432 2329 fationem
455 2285 485 2347 p.
499 2282 590 2328 xnrv.

229 2371 415 2436 Λεόντιον
438 2369 656 2436 Leontium:
680 2373 797 2436 mulier
821 2368 1017 2456 (meretrix),
1039 2393 1056 2434 e
1080 2371 1211 2436 comicis
1235 2393 1373 2436 comme-

274 2481 434 2542 moratum
458 2501 576 2544 nomen
600 2503 620 2543 a
642 2478 808 2543 Priaeiuno
832 2475 878 2541 VI
903 2500 933 2561 p.
952 2477 1016 2542 688
1036 2476 1070 2540 P.
1095 2474 1184 2562 (215,
1208 2477 1334 2560 2111),
1358 2499 1375 2540 e

274 2581 416 2651 Caecilio
441 2607 461 2650 a
484 2583 633 2651 Obarisio
656 2608 688 2668 p.
711 2584 754 2649 80
774 2583 808 2649 P.
832 2581 922 2670 (104,
945 2581 1047 2670 2K.).

230 2690 365 2770 Λεεβία
394 2689 546 2758 Lesbia:
581 2692 739 2757 obstetrix
770 2690 921 2756 Andriae.
967 2688 1013 2754 Of.
1047 2689 1211 2755 Donatum
1242 2689 1282 2755 ad
1309 2691 1374 2755 An-

275 2796 363 2862 driae
387 2798 411 2882 I,
435 2799 465 2882 3,
489 2800 540 2863 21.

231 2902 482 2981 *Λεεβόνικοε
505 2904 758 2970 Lesbonicus:
782 2903 970 2969 adulescens
993 2901 1183 2968 Trinummi.

231 3008 423 3076 Λεωνίδας
446 3011 625 3076 Leonida:
649 3033 760 3077 servus
783 3012 964 3078 Asinariae.
1006 3010 1069 3092 [cf.
1094 3010 1198 3096 Linge
1221 3010 1259 3074 de
1283 3009 1375 3076 hiatu

275 3139 305 3200 s·
329 3117 393 3196 611

231 3221 538 3304 *Λημνοεεληνίε
560 3225 857 3292 Lemniselenis:
882 3225 1035 3290 meretrix
1058 3224 1183 3306 Persae,
1206 3225 1257 3290 eui
1281 3246 1373 3288 suum

275 3353 393 3396 nomen
412 3331 485 3416 (pro
505 3354 542 3397 eo
561 3333 648 3417 quod
666 3333 832 3398 ferebatur
845 3329 1067 3418 Lemniselene)
1084 3331 1213 3396 restitui
1232 3332 1266 3396 in
1285 3355 1374 3416 prae-

276 3438 399 3504 fatione
423 3439 491 3504 eius
514 3439 644 3504 fabulae
668 3463 698 3524 p.
722 3459 758 3504 x:
781 3439 977 3504 declinatum
1001 3437 1080 3502 illud
1104 3460 1124 3502 a
1146 3437 1263 3504 Plauto
1287 3439 1375 3503 Lcm-

275 3547 404 3611 niseteni
430 3569 508 3612 casu
536 3545 650 3630 tertio,
676 3547 915 3611 Lernnisclcncm
938 3549 1068 3630 quarto,
1095 3546 1199 3629 quode
1222 3568 1287 3611 non
1312 3545 1375 3609 dis-

277 3652 468 3718 sentientem
493 3653 587 3718 video
610 3651 844 3718 Buechelerum
866 3651 1096 3740 Museifllthen.
1120 3656 1142 3714 t.
1166 3649 1227 3716 XV
1251 3675 1281 3735 p.
1300 3651 1375 3716 438.

276 3757 428 3824 Dubitari
456 3764 565 3845 potest
592 3765 702 3826 utrum
733 3761 901 3840 ιιΛῆμνοε
929 3758 1060 3823 duetnm
1089 3779 1207 3822 nomen
1231 3756 1274 3820 sit
1297 3761 1375 3821 uta

276 3866 393 3946 Λέεβοε
420 3866 542 3932 factum
566 3871 616 3933 est
638 3865 874 3953 Λεεβόνικοε*),
903 3887 944 3931 an
969 3863 1068 3951 (quod
1092 3867 1258 3948 praestare
1280 3861 1375 3950 puto)

276 3993 296 4035 a
319 3976 446 4056 λῆμνοε,
470 3975 554 4058 quod
578 3975 640 4040 etsi
662 3997 746 4040 nime
770 3977 935 4039 auctorem
957 3971 1154 4055 nonhabet,
1177 3975 1284 4035 tamen
1305 3991 1321 4034 e
1341 3991 1375 4034 se

276 4081 461 4162 procrearit
493 4079 727 4146 deminutivam
760 4081 925 4160 λημνίεκοε
958 4079 1105 4144 formem.
1151 4077 1200 4142 De
1229 4080 1242 4141 i
1269 4100 1328 4161 pro
1356 4099 1375 4142 ο

279 4185 352 4250 vide
376 4185 417 4250 ad
442 4187 620 4265 Δημοφῶν,
651 4189 850 4267 Κλειτοφῶν,
876 4185 1074 4264 Καλόδωροε.
1123 4181 1183 4264 [Of.
1207 4183 1322 4266 Opuse.
1345 4183 1377 4248 II

234 4317 307 4408 4μ.
330 4295 420 4374 488].

304 4433 410 4502 ⁸)Nisi
428 4401 509 4487 ’torte
535 4431 589 4486 huc
613 4431 750 4488 adsciscas
775 4435 886 4499 Λῆμνον
910 4433 963 4498 τὴν
989 4432 1111 4498 μεγάλην
1136 4431 1288 4498 λεγομένην
1310 4432 1376 4486 θεόν

233 4523 304 4578 teste
325 4523 468 4592 Stephano
487 4521 621 4591 Byzantio
639 4539 666 4590 p.
686 4527 746 4588 41³,
768 4526 800 4575 10
819 4520 902 4576 Mein.
979 4539 981 4546 ¹
