3274 5114
304 413 366 480 186
455 449 460 458 ·
659 429 872 480 rasennam
895 429 1082 478 susurrus.

300 579 412 659 carpta
441 577 529 658 sunt,
561 595 672 642 eorum
702 573 736 640 in
766 573 934 639 dimidiata
961 573 1082 660 pagina
1106 573 1179 656 165,
1201 574 1243 638 27
1267 572 1348 640 haec
1370 572 1446 638 reli-

299 680 394 766 quiae
417 684 598 767 supersunt,
621 702 701 765 quas
725 703 797 748 oum
821 681 1055 766 supplementis
1069 679 1254 746 Vrsinianis
1273 680 1445 766 adscripsi:

1053 823 1212 889 Nauteam
1234 823 1282 888 uit
1304 821 1376 906 ou

364 930 428 996 lius
540 929 694 996 Aurelius
796 930 911 996 herbae
936 907 1034 1015 jaus
1055 951 1118 997 esse
1136 931 1247 1014 prunis
1268 931 1378 1015 niquis,

365 1060 430 1123 qua
492 1037 610 1103 coriari
667 1040 811 1122 utuntur,
856 1039 944 1104 cuius
984 1039 1086 1103 uideri
1121 1059 1142 1102 u
1181 1059 1263 1104 uuue
1302 1039 1373 1103 dutc-

365 1143 914 1230 tumnomenquianauseamfaoit,
973 1147 1201 1228 permutatione
1261 1145 1292 1208 Τ
1349 1149 1379 1209 ct

356 1251 388 1328 ¹S
461 1252 643 1318 litterarum
719 1252 983 1318 internodiorum
1034 1253 1173 1336 autiquae
1226 1255 1376 1318 manuue.

365 1358 501 1424 Plautus
546 1360 582 1424 in
631 1362 810 1425 artemone:
854 1363 1043 1443 unquentum
1060 1360 1142 1440 quad
1156 1359 1287 1424 numus
1308 1380 1376 1424 mu

365 1465 490 1532 lionum
516 1471 669 1533 nauteam
701 1465 833 1532 fecisset
855 1515 1153 1531 ......
1156 1545 1162 1555 Ι
1204 1515 1212 1530 .
1263 1516 1269 1530 .
1317 1517 1323 1530 .
1369 1516 1376 1530 .

298 1607 446 1694 Apparet
467 1608 691 1676 Plautinorum
719 1608 904 1692 verborum,
936 1629 1018 1692 quae
1046 1607 1089 1672 ad
1118 1607 1301 1693 exemplum
1324 1605 1443 1674 (luren-

297 1715 395 1782 lionis
411 1739 438 1782 v.
448 1716 491 1784 99
511 1716 660 1802 suppleta
678 1718 755 1780 sunt
771 1714 812 1780 ab
826 1713 958 1800 Vrsino,
981 1713 1065 1782 nihil
1084 1717 1206 1780 certum
1226 1737 1296 1780 esse
1314 1719 1444 1800 praeter

226 1937 231 1944 ¹
262 1880 279 1928 o
548 1859 792 1942 [mu]lionum
814 1861 995 1923 nauteam
1018 1857 1190 1926 fecisset.

298 2001 350 2067 Ex
364 2002 465 2088 Opilii
480 2001 605 2068 Aurelii
628 2002 792 2068 mentione
815 2001 953 2067 fortasse
977 2001 1080 2066 conici
1102 2023 1208 2086 posse,
1231 2001 1265 2066 iu
1288 2001 1357 2066 eius
1382 1999 1444 2068 ‘in-

299 2107 448 2175 dioibus'v
468 2109 573 2194 ipsam
596 2107 807 2174 Artemonem
835 2111 872 2173 ut
894 2109 1080 2175 Plautinum
1108 2111 1310 2174 numeratam
1333 2108 1444 2192 fuisse,

299 2215 482 2302 significavi
504 2215 670 2305 Parergon
692 2240 723 2303 p.
746 2217 810 2282 243
835 2215 907 2282 adn.

846 2409 895 2465 III.
928 2433 943 2452 ··

389 2539 478 2606 Festi
501 2541 643 2626 epitome
661 2563 693 2624 p.
707 2539 831 2624 mus:
855 2536 994 2604 ‘rauim
1019 2537 1170 2603 dicebant
1191 2559 1252 2620 pro
1277 2537 1445 2621 raucitate,

299 2645 381 2710 unde
406 2650 439 2711 et
461 2647 597 2712 uerbum
619 2647 745 2730 rauio,
768 2637 922 2712 ronias?
967 2644 1075 2732 Ipsius
1099 2643 1188 2710 Festi
1212 2647 1340 2710 servata
1362 2643 1444 2710 haec
1484 2669 1492 2686 ·

300 2755 376 2819 suut
398 2776 429 2840 p.
452 2753 528 2839 274,
552 2754 607 2820 29:

1160 2874 1278 2941 Rauim
1302 2875 1383 2940 anti-

388 2987 444 3070 qui
479 2986 618 3052 dicebaut
646 3007 707 3070 pro
748 2987 907 3052 raucitate.
929 2984 1078 3050 Plautus:
1101 2983 1159 3049 ubi
1182 2982 1288 3067 siquid
1310 3005 1384 3068 pos·

389 3099 903 3174 camasuaerammposumpuus.
926 3091 1023 3157 item:
1069 3089 1272 3174 experiuraui
1313 3087 1384 3154 her-

265 3233 281 3282 7
389 3200 432 3266 cu
477 3202 583 3266 omnio
622 3203 666 3266 ud
702 3219 831 3266 raucum
868 3197 984 3264 restim.
1030 3201 1063 3262 et
1085 3197 1120 3262 in
1143 3196 1315 3262 artemoni:
1349 3199 1386 3260 et

390 3357 717 3372 .......
755 3305 907 3373 Caecilius
929 3305 963 3370 in
986 3303 1263 3389 Hypobolimaeo:
1295 3303 1385 3388 prius

388 3415 433 3480 aa
452 3416 559 3480 ratum
604 3463 878 3480 ......
929 3417 1023 3479 utam
1045 3411 1159 3477 feceris

300 3557 453 3624 artemoui
484 3557 640 3642 scriptum
674 3578 744 3622 esse
776 3556 811 3638 in
838 3553 960 3639 codiee,
991 3557 1028 3620 ut
1056 3575 1156 3637 supra
1177 3553 1216 3618 fr.
1240 3551 1262 3618 5
1283 3553 1444 3631 artimucc,

301 3667 442 3730 testatus
473 3667 523 3730 est
552 3663 678 3729 Keilius
708 3663 790 3729 Mus.
814 3661 915 3728 Rhen.
944 3685 975 3730 n.
998 3659 1045 3726 Vl
1069 3658 1112 3746 (a.
1138 3659 1238 3745 1848)
1268 3683 1309 3744 p.·
1322 3657 1388 3723 624
1411 3661 1444 3722 et

302 3773 376 3837 625.
410 3809 449 3820 -
484 3771 533 3837 Do
556 3771 659 3837 altero
683 3769 830 3855 exemplo
854 3767 1022 3852 Plautino,
1050 3765 1135 3852 quod
1159 3769 1209 3831 est
1232 3765 1444 3850 Cistellariae,

302 3879 368 3946 dixi
391 3901 495 3966 nuper
517 3877 600 3944 Nov.
623 3899 744 3944 excurs.
767 3899 798 3960 p.
821 3875 874 3941 53.

706 4177 762 4244 VI.
806 4175 1044 4244 ASTRABA.

392 4325 521 4392 Nomen
550 4323 634 4390 unde
661 4321 800 4390 inditum
829 4321 873 4386 sit
899 4320 1044 4404 fabulae,
1076 4319 1170 4384 docet
1196 4317 1321 4383 Probus
1348 4317 1444 4382 initio

304 4431 529 4500 commentarii
561 4431 595 4496 iu
618 4427 756 4514 Vergilii
784 4427 938 4494 Bucolica
970 4451 1000 4512 p.
1024 4428 1054 4509 2,
1078 4426 1119 4492 23
1153 4423 1200 4488 od.
1222 4423 1319 4488 Keil:
1352 4422 1445 4489 ‘sunt

305 4545 414 4608 autem
437 4538 618 4606 astrabae
642 4534 790 4602 uehicula
813 4533 899 4600 diota
921 4533 1008 4614 παρὰ
1030 4533 1068 4598 τὸ
1091 4534 1132 4614 μὴ
1156 4532 1355 4612 ruotpertus:
1380 4551 1444 4616 quo
