3302 5106
255 345 266 368 ⁸
285 346 352 410 410
708 366 755 410 na
777 365 812 411 u.
838 364 1010 412 vanaours

284 507 474 592 propinquis
497 512 576 574 natu
601 507 766 591 aliquanto
790 506 969 572 minoribus
992 507 1145 593 (fortasse
1168 509 1237 592 ipse
1261 510 1316 576 ille
1330 509 1428 577 Pseu-

284 613 449 679 domarius
474 612 508 680 O.
531 614 567 678 F.
591 612 625 678 O.
649 613 690 680 N.
719 613 757 678 de
786 637 972 699 quosaepe
996 613 1137 702 Cicero),
1169 637 1234 680 non
1264 619 1372 700 potuit
1398 620 1429 684 ei

283 743 348 786 non
379 725 474 807 grata
504 723 601 805 atque
631 719 810 786 honorifica
844 741 882 786 ea
911 711 1079 806 inscriptio
1110 744 1192 800 esse,
1225 723 1315 788 cuius
1350 747 1427 790 sane

283 829 415 914 propria
444 829 492 892 vis
521 827 561 892 ad
585 827 743 892 maiorum
771 828 909 913 gloriam
933 829 1042 912 potius
1066 851 1164 914 quam
1187 829 1227 894 ad
1250 829 1353 914 ipsius
1376 854 1428 896 res

283 931 468 1019 pertineret.
487 971 529 980 -
549 931 625 998 Non
644 933 749 1019 magis
769 956 884 1000 caussa
906 936 997 1021 latet,
1020 957 1076 1000 cur
1099 935 1284 1002 Sisennae
1307 937 1428 1003 librum

283 1046 319 1110 de
347 1043 477 1109 historeo
499 1040 605 1106 Varro
634 1041 804 1107 dicaverit:
837 1064 896 1107 nec
924 1043 1010 1106 eninr
1038 1043 1249 1108 dubitandum
1273 1045 1350 1129 quin
1373 1045 1434 1110 ille

284 1151 390 1216 clarus
420 1171 527 1215 rerum
557 1149 695 1233 scriptor
722 1149 912 1234 cogitandus
947 1149 992 1214 sit
1019 1149 1054 1214 L.
1083 1147 1252 1215 Cornelius
1281 1149 1427 1236 Sisenna,

283 1259 396 1323 doctus
420 1257 470 1321 vir
493 1261 526 1320 et
545 1255 660 1320 studiis
679 1255 813 1339 optimis
832 1255 970 1340 deditus,
993 1259 1140 1322 mortuus
1160 1279 1188 1320 a.
1203 1258 1282 1322 686:
1305 1258 1344 1323 de
1364 1281 1427 1343 quo

283 1365 425 1430 breviter
456 1365 577 1429 dictum
610 1363 775 1447 Parergou
803 1363 820 1426 Ι
851 1385 882 1446 p.
905 1363 970 1427 376
986 1385 1031 1447 sq.
1063 1399 1107 1408 -
1139 1361 1222 1428 Item
1251 1363 1291 1428 ad
1320 1364 1427 1430 Pium

283 1493 379 1555 quarn
398 1473 474 1554 apte
493 1469 718 1555 logistoricum
737 1471 859 1552 ‹icpucc
876 1469 1049 1554 rettulerit,
1072 1469 1239 1535 commode
1258 1469 1427 1556 intelleges

282 1579 337 1644 ubi
357 1576 586 1656 otacilium
604 1575 773 1642 Metellum
792 1575 886 1640 Pium
908 1575 1012 1640 filium
1031 1575 1203 1662 Numidici,
1227 1599 1290 1642 eos.
1310 1599 1337 1642 a.
1352 1579 1426 1662 673,

283 1687 467 1752 memineris
499 1685 653 1750 lmrninem
685 1684 914 1750 ramesiensem
946 1683 1259 1766 omrlcstissimumque
1287 1686 1426 1750 emerium

282 1793 429 1860 Ciceroni
445 1792 508 1857 dici
522 1813 581 1875 pro
597 1790 718 1855 Arabia
733 1813 757 1854 c.
768 1789 798 1874 4,
822 1790 873 1854 vel
891 1791 995 1854 cirum
1012 1791 1241 1855 sanctissimum
1259 1796 1287 1854 ct
1303 1812 1427 1856 sumnia

282 1901 427 1983 religione
449 1919 486 1963 ac
508 1899 655 1964 modest-ru
679 1919 738 1982 pro
762 1897 867 1963 Balbo
891 1882 917 1963 e.
936 1898 989 1981 22,
1013 1899 1049 1961 ut
1072 1897 1240 1962 mittamus
1264 1899 1337 1962 alia.
1374 1897 1424 1963 Ex

282 2007 344 2071 hoc
366 2005 557 2092 logistorico
580 2027 663 2088 quae
686 2004 847 2088 excerpsit
869 2001 994 2069 Gellius
1017 2002 1127 2087 XVII,
1154 2005 1207 2068 18:
1240 2004 1287 2068 M
1318 2004 1425 2086 Varro,

282 2116 317 2178 ia
340 2114 448 2178 litterae
469 2116 560 2193 atcere
581 2111 646 2176 uita
666 2111 728 2192 fide
750 2110 838 2175 leorae
861 2111 960 2175 oculto
982 2112 1148 2194 etgraves,
1177 2112 1211 2175 in
1238 2111 1315 2176 libro
1337 2131 1425 2192 quem

280 2220 404 2301 sorpsit
426 2217 507 2283 Pius
528 2221 585 2282 out
605 2217 642 2282 de
659 2237 737 2300 pace
759 2215 792 2282 0.
810 2214 998 2282 Sollicitum
1019 2217 1196 2299 emptorem
1218 2218 1316 2282 seriae
1338 2218 1425 2283 illic-s

280 2331 310 2390 et
330 2345 449 2390 severae
470 2325 634 2407 madenia,
661 2325 697 2388 ia
723 2325 812 2388 usius
838 2323 968 2388 hlamma
989 2323 1161 2388 notulicrses
1182 2323 1335 2389 censorius
1356 2325 1426 2406 pleri

283 2435 386 2514 [aloru
407 2433 552 2512 exercerc]
575 2432 719 2509 siderum,
742 2431 777 2496 iu
799 2431 950 2497 adulterio
971 2432 1154 2513 deprensum
1176 2431 1215 2496 ab
1229 2432 1336 2496 Aonio
1359 2432 1425 2496 Mi-

282 2540 349 2604 leue
362 2540 437 2604 brus
451 2539 522 2603 bene
539 2558 661 2603 mestun
678 2538 753 2602 dicit
769 2543 806 2616 ct,
825 2558 894 2602 cum
911 2539 1039 2604 Miscet
1050 2539 1225 2619 mutarn,
1236 2539 1424 2604 ¹cb'ruissuuc:

280 2645 361 2710 haec
383 2644 484 2729 igitur
506 2645 599 2710 valde
622 2645 735 2710 subtili
759 2645 815 2710 sed
839 2645 949 2710 eadem
971 2667 1038 2710 non
1064 2644 1273 2728 improbabili
1301 2645 1424 2710 coniec

282 2756 355 2816 tura
369 2751 535 2817 Ausonius
549 2751 674 2835 Popma
692 2751 861 2841 coniunxit
875 2774 946 2816 cum
966 2773 1004 2815 eo
1021 2751 1205 2835 fragmento
1225 2749 1424 2815 Sallustiana

282 2859 367 2941 apud
381 2858 583 2923 Macrobiurn
599 2857 665 2923 Sat.
679 2857 721 2942 II,
730 2859 760 2940 9,
775 2880 838 2942 quo
853 2858 882 2922 is
898 2857 1036 2940 scriptor
1051 2857 1263 2922 effusissimae
1278 2858 1425 2922 luxuriae

283 2964 467 3048 superbiam
500 2965 563 3048 ipsi
594 2963 729 3030 Metello
762 2965 821 3030 Pio
854 2964 1070 3049 exprobravit.
1116 2963 1163 3028 Vt
1195 2963 1236 3028 ab
1269 2985 1308 3030 ea
1339 2965 1424 3030 hunc

282 3070 507 3136 criminatione
537 3070 642 3137 Varro
675 3071 855 3136 defendisse
886 3071 922 3134 in
954 3070 1013 3135 Pio
1046 3071 1236 3156 logistorico
1269 3071 1423 3137 videatur.

282 3176 375 3254 Quod
405 3179 431 3242 si
460 3178 508 3242 ita
531 3199 565 3242 se
587 3177 715 3259 habuit,
743 3178 897 3262 quoniam
924 3177 1127 3261 aliquantum
1155 3177 1311 3262 temporis
1340 3178 1425 3242 inter

281 3287 420 3348 mortem
443 3283 566 3348 Metelli
594 3287 627 3347 et
649 3283 859 3348 historiarum
882 3284 1057 3348 editionem
1082 3283 1229 3350 Sallustii
1252 3285 1422 3368 interposi·

281 3395 351 3455 tum
381 3392 444 3475 est,
475 3390 561 3455 hune
589 3411 717 3475 quoque
746 3389 866 3454 librum
889 3387 995 3455 Varro
1022 3411 1089 3455 non
1116 3390 1157 3455 ad
1181 3413 1253 3455 eum
1283 3391 1423 3476 scripsit,

281 3496 321 3560 ad
351 3517 446 3582 quem
475 3495 614 3560 maxime
642 3501 789 3582 spectare
818 3499 1044 3582 argumentum
1072 3497 1189 3582 voluit,
1222 3497 1277 3562 sed
1305 3497 1346 3562 ad
1369 3497 1424 3563 ali-

232 3621 267 3662 rx
281 3625 375 3688 quem
400 3625 417 3666 e
440 3601 645 3687 propinquis,
672 3602 776 3668 filium
804 3602 942 3668 fortasse
972 3601 1163 3687 adoptatum
1188 3603 1224 3680 Q.
1248 3601 1423 3670 Caecilium

281 3708 447 3775 Metellum
472 3707 656 3794 Scipionem
679 3733 743 3775 cos.
759 3733 786 3774 a.
802 3711 875 3794 701,
899 3710 950 3776 cui
973 3709 1052 3774 item
1075 3729 1256 3792 cognomen
1279 3712 1343 3776 fuit
1356 3712 1423 3777 Pio.

280 3813 401 3880 —Sed
418 3817 562 3900 graviter
581 3816 667 3880 idern
686 3817 742 3880 ille
755 3814 878 3901 Popma
900 3815 1026 3880 lallitur
1050 3813 1088 3878 de
1106 3813 1305 3903 Messalla,
1328 3841 1423 3904 quem

281 3943 351 3987 esse
365 3921 408 3986 M.
416 3921 585 3986 Valerium
599 3921 785 3986 Messallam
804 3922 950 4006 coniecit,
968 3921 1022 4007 qui
1038 3920 1125 3985 omni
1141 3925 1287 4006 tempore
1306 3926 1423 3994 aetatis

280 4029 374 4094 firma
396 4050 473 4093 usus
498 4028 669 4094 cubtudinc
687 4029 727 4094 sd
746 4030 958 4095 centesimum
977 4050 1097 4094 annum
1116 4030 1218 4095 vitam
1237 4030 1425 4115 produxerit

281 4135 420 4201 testibus
453 4133 559 4201 Plinio
583 4133 622 4200 N.
646 4135 687 4200 H.
712 4134 855 4220 V11,49
879 4139 912 4199 et
934 4133 1067 4202 Valerio
1084 4133 1233 4202 Maximo
1258 4135 1348 4220 VIII,
1374 4135 1423 4202 15.

282 4240 402 4306 Verum
426 4241 460 4306 hi
484 4241 613 4326 quidem
637 4241 675 4307 de
699 4241 833 4307 Valerio
857 4239 962 4306 Corvo
987 4241 1174 4328 loquuntur:
1199 4243 1423 4328 logistoricum

281 4369 373 4412 suum
395 4347 501 4413 Varro
525 4353 582 4414 aut
604 4347 647 4412 M.
670 4347 802 4413 Valerio
826 4347 997 4414 Messallae
1021 4349 1125 4436 Nigro
1149 4373 1213 4415 cos.
1237 4371 1264 4414 a.
1288 4348 1353 4414 692
1376 4349 1423 4414 in-

282 4453 429 4540 scripsit,
462 4459 518 4519 aut
542 4455 571 4520 ei
594 4454 637 4522 M.
660 4455 793 4522 Valerio
817 4453 989 4522 Messallae
1016 4457 1070 4543 qui
1099 4457 1139 4522 ad
1161 4455 1368 4522 consulatum
1395 4477 1424 4522 a.
