3302 5106
597 426 872 475 mscreamrnvn
895 425 1018 474 meme.
1311 405 1375 470 367

232 573 355 652 putare.
401 567 504 644 Quam
532 567 660 652 quidem
688 568 818 653 gemina
846 565 1129 652 argumentatione
1151 563 1212 627 hac
1236 585 1375 628 commu-

231 676 349 740 nimus.
386 674 531 739 Primum
555 677 642 740 enim
668 677 694 740 si
718 675 920 760 reputaveris
945 696 1026 758 quae
1050 673 1134 738 ratio
1157 671 1243 735 inter
1257 669 1375 735 Varro-
1392 689 1417 727 1⁷

233 804 308 846 nem
337 785 370 845 et
393 782 594 848 Marcianum
622 781 789 868 Capellam
818 782 1010 865 intercedat,
1043 785 1079 844 ut
1107 779 1162 864 qui
1189 779 1377 843 dialecticae

234 891 397 954 auctorem
421 889 601 955 Varronem
631 893 862 954 commemoret
889 889 924 952 in
948 911 1005 954 suo
1030 888 1068 952 de
1092 887 1260 952 dialectica
1283 888 1377 970 libra,

233 997 312 1060 item
336 997 535 1080 geometriae
557 997 592 1061 in
616 1019 673 1062 suo
698 996 736 1060 de
760 995 953 1081 geometria,
987 997 1155 1078 praeterea
1179 994 1314 1060 eundem
1338 995 1377 1058 de

232 1104 320 1167 stella
350 1103 437 1168 vocis
466 1103 592 1188 origine
621 1106 774 1187 sequatur
802 1102 835 1166 in
864 1100 1077 1166 astronomia:
1108 1100 1216 1164 facilis
1249 1102 1311 1166 erit
1338 1102 1377 1165 de

234 1207 389 1274 Marciani
413 1209 460 1273 IX
488 1233 519 1293 p.
542 1210 607 1274 302
635 1208 742 1273 verbis
766 1209 967 1290 coniectura,
996 1206 1112 1291 quibus
1140 1207 1317 1289 plurimum
1344 1210 1377 1272 in

234 1315 294 1380 hac
317 1337 433 1381 caussa
459 1317 641 1382 tribuimus.
687 1315 866 1399 Postquam
890 1315 976 1380 enim
999 1335 1107 1379 eoram
1132 1311 1209 1378 Iove
1232 1314 1377 1380 deorum-

234 1445 295 1507 que
319 1427 412 1487 coetu
437 1444 491 1485 sex
506 1421 603 1485 Artes
627 1420 824 1505 prodierunt,
847 1422 938 1505 prius
962 1443 1059 1505 quam
1084 1443 1158 1485 suas
1177 1425 1290 1504 partes
1310 1443 1378 1505 sep-

235 1529 316 1593 tima
340 1528 418 1612 agit,
441 1547 586 1609 superum
599 1532 699 1609 poter,
721 1529 776 1609 qui
788 1527 1024 1610 probandarraa
1042 1547 1188 1592 numeres
1206 1533 1378 1610 ammessd,

233 1627 388 1716 queririt.
410 1636 461 1699 cai
479 1616 599 1699 Delius
616 1632 729 1718 (rerba
748 1639 824 1698 sunt
842 1633 1014 1720 Marciani)
1032 1636 1225 1700 Medicinam
1246 1636 1381 1717 areperti

235 1742 567 1823 Architeetonicamqee
596 1743 631 1806 in
655 1743 853 1823 praepa-ratis
880 1743 1028 1807 assistac.
1078 1743 1131 1806 sed
1156 1743 1304 1822 quoniam
1331 1742 1380 1804 tris

234 1849 413 1912 andelium
445 1869 549 1912 rerum
580 1869 655 1912 cura
687 1853 934 1930 terrenarumque
964 1848 1101 1913 sollertia
1132 1853 1189 1932 cst,
1226 1868 1280 1911 nec
1310 1867 1379 1911 crum

234 1954 352 2018 aethere
374 1956 537 2037 quisperant
559 1953 671 2018 babent
691 1956 867 2037 superiecere
889 1955 1021 2037 confirm:
1053 1975 1117 2020 aori
1140 1957 1316 2038 inconperta,
1343 1975 1380 2018 oc

235 2062 263 2124 si
283 2061 411 2140 fastidio
433 2065 628 2142 respuantur,
656 2062 690 2124 irc
712 2066 821 2124 serrata
844 2061 953 2126 caelico
975 2061 1151 2140 reticebimt,
1179 2061 1219 2126 ab
1241 2063 1311 2143 epea
1333 2063 1380 2126 de-

235 2167 337 2248 inceps
359 2167 477 2248 cirpirre
499 2168 705 2249 captorandac
727 2168 901 2232 discussion.
932 2187 998 2232 arra
1020 2189 1098 2246 ecre,
1121 2188 1199 2249 perae
1215 2170 1381 2249 potissima

236 2273 313 2336 ccccli
334 2274 527 2355 siderumquc
548 2275 687 2338 dilectior
708 2279 759 2351 cst,
782 2274 935 2338 mominis
956 2273 1050 2338 buires
1073 2279 1137 2337 tanc
1157 2275 1264 2353 fovere
1285 2295 1379 2355 quarn

235 2381 387 2462 voluptate
409 2381 596 2460 decoraretur
619 2382 737 2461 tuisque
760 2379 962 2460 anamartitos
979 2399 1043 2443 noa
1056 2381 1169 2461 poterit
1187 2381 1254 2444 eine
1275 2381 1382 2445 scelere

236 2488 361 2552 viduari
384 2487 428 2570 (h.
453 2509 479 2550 e.
503 2485 650 2569 Musica).
696 2484 821 2549 Horum
850 2485 952 2569 igitur
980 2507 1053 2550 cum
1082 2485 1161 2550 haec
1185 2486 1234 2549 vis
1258 2486 1313 2568 sit,
1347 2491 1382 2550 ut

238 2593 364 2658 excludi
396 2617 416 2658 a
449 2591 613 2656 Marciano
647 2591 728 2656 duae
759 2597 844 2656 artes
875 2613 947 2657 cum
977 2593 1110 2676 reliquis
1141 2597 1265 2676 septem
1299 2593 1381 2657 alias

237 2699 488 2784 comprehensae
525 2697 687 2762 dicantur:
724 2698 852 2784 quando
889 2697 1020 2762 illarum
1058 2700 1194 2763 alteram
1231 2701 1273 2763 ab
1309 2700 1381 2784 ipso

237 2805 384 2871 Varrone
417 2803 685 2886 comprehensam
718 2803 751 2868 in
784 2804 933 2868 confesso
968 2809 1031 2887 est,
1064 2804 1104 2867 ad
1138 2805 1273 2896 eundem
1302 2805 1381 2870 Var-

238 2937 349 2980 ronem
372 2910 550 2977 medicinae
573 2914 719 2994 spectare
742 2912 939 2976 mentionem
963 2909 1049 2972 haud
1072 2909 1218 2992 profecto
1243 2911 1379 2975 obscura

239 3020 432 3106 significatio
456 3019 502 3082 fit.
539 3018 671 3101 Absque
696 3040 759 3102 quo
784 3021 880 3100 esset,
903 3039 959 3082 cur
983 3017 1057 3080 illas
1081 3017 1169 3099 ipsas
1193 3015 1380 3101 disciplinas

239 3125 421 3192 Marcianus
445 3127 574 3208 praeter
597 3127 719 3190 ceteras
744 3124 1034 3190 commemoraret?
1066 3147 1122 3189 cur
1149 3146 1215 3188 non
1243 3124 1381 3210 agricul-

238 3237 355 3317 turam,
379 3255 476 3316 quam
500 3231 566 3295 suis
590 3231 719 3295 Artium
741 3231 835 3294 libris
859 3231 1007 3295 nommus
1027 3228 1156 3294 Celsum
1180 3231 1380 3316 complexum

239 3340 333 3404 esse?
357 3361 413 3403 cur
436 3360 501 3402 non
525 3337 677 3421 pingendi
702 3337 909 3420 sculpendive
933 3338 1041 3402 artes?
1087 3337 1251 3402 Firmatur
1273 3341 1381 3402 autern

240 3446 401 3510 sententia
428 3449 542 3509 nostra
569 3443 672 3507 altero
701 3448 908 3526 argumente,
939 3442 1024 3526 quod
1048 3442 1189 3526 petimus
1213 3465 1230 3507 e
1254 3444 1384 3528 gemina

240 3549 340 3616 Nonii
363 3551 528 3628 memoria,
552 3572 583 3632 p.
600 3548 676 3612 135:
700 3549 856 3626 licentiosi,
878 3550 932 3629 qui
954 3550 998 3612 ad
1019 3551 1175 3614 lacernam
1196 3571 1259 3616 aaa
1282 3551 1385 3615 trident

239 3663 269 3722 et
289 3655 421 3742 μύωπες
443 3662 590 3724 vocantur
612 3677 633 3720 a
656 3655 792 3721 Graecis.
826 3655 925 3720 Varro
939 3655 1191 3738 Disciplinarum
1214 3657 1263 3720 lib.
1278 3657 1371 3721 VIII
1371 3679 1382 3719 :

240 3767 354 3847 vesperi
380 3787 442 3830 narr
464 3767 577 3842 videre,
608 3783 684 3845 oreos
705 3761 864 3844 appellant
886 3761 1105 3846 luscitiosos*);
1130 3799 1171 3808 —
1196 3767 1229 3825 et
1251 3783 1281 3845 p.
1304 3763 1382 3828 551:
1399 3781 1423 3820 n

237 3873 410 3952 portulaca.
449 3873 547 3938 Varro
570 3870 822 3952 Disciplinamm
845 3867 1053 3954 (Disciplinec
1075 3865 1179 3953 codd.)
1203 3867 1253 3932 ldr'.
1278 3867 1383 3932 VIII:

313 4083 339 4151 *)
358 4081 487 4151 Pergitur
505 4081 580 4151 apud
593 4082 716 4138 Nonium
735 4081 787 4136 sic:
807 4081 886 4135 Idem
895 4079 1066 4135 Andabatia:
1084 4081 1176 4149 edepol
1193 4081 1263 4136 r'elerrr
1281 4095 1384 4146 ceecrea,

242 4189 298 4227 non
323 4171 479 4224 lecacitieces
504 4175 550 4225 est.
592 4169 675 4224 Mirer
698 4169 721 4224 si
744 4186 830 4240 prope
854 4168 953 4223 eadem
975 4169 1063 4224 verba
1081 4169 1212 4224 Varronis
1236 4168 1384 4237 Plautique

243 4259 403 4317 communia
421 4258 484 4312 sint.
513 4257 691 4326 Quapropter
709 4257 802 4312 nescio
820 4275 857 4312 an
875 4258 945 4311 haec
963 4256 1096 4310 lacunosa
1114 4257 1170 4310 sint
1184 4261 1213 4310 et
1226 4256 1266 4310 sic
1280 4257 1383 4310 instau-

244 4349 344 4404 randa:
361 4349 438 4403 Idem
449 4347 620 4401 Andabalis:
635 4347 659 4416 [ο
668 4365 678 4390 ·
688 4345 823 4400 uPlautas
838 4347 933 4400 Melite
945 4345 1087 4415 clericam]
1102 4346 1194 4413 edepol
1209 4346 1251 4416 [tu
1264 4346 1384 4432 cedidere

243 4455 346 4506 enema,
363 4455 420 4494 acri
438 4438 593 4492 luscitiosus
611 4453 646 4491 es.
674 4435 818 4490 Habentur
836 4436 910 4490 enim
929 4435 999 4488 hacc
1017 4433 1076 4490 Mil.
1097 4433 1130 4502 ll,
1145 4440 1169 4502 3,
1185 4440 1226 4491 bt.
1254 4433 1384 4490 (laterum

243 4529 376 4584 tractores
394 4527 512 4583 formam
531 4526 618 4582 tacite
637 4524 745 4582 sustuli.
