<?xml version="1.0" encoding="UTF-8"?>
<!DOCTYPE html PUBLIC "-//W3C//DTD XHTML 1.0 Transitional//EN"
    "http://www.w3.org/TR/xhtml1/DTD/xhtml1-transitional.dtd">
<html xmlns="http://www.w3.org/1999/xhtml" xml:lang="en" lang="en">
 <head>
  <title>
</title>
<meta http-equiv="Content-Type" content="text/html;charset=utf-8" />
  <meta name='ocr-system' content='tesseract 3.04.00' />
  <meta name='ocr-capabilities' content='ocr_page ocr_carea ocr_par ocr_line ocrx_word'/>
</head>
<body>
  <div class='ocr_page' id='page_1' title='image "./fridericiritsch09wachgoog_0209.png"; bbox 0 0 3274 5114; ppageno 0'>
   <div class='ocr_carea' id='block_1_1' title="bbox 247 405 1027 470">
    <p class='ocr_par' dir='ltr' id='par_1_1' title="bbox 247 405 1027 470">
     <span class='ocr_line' id='line_1_1' title="bbox 247 405 1027 470; baseline -0.005 0"><span class='ocrx_word' id='word_1_1' title='bbox 247 405 311 470; x_wconf 81' lang='grc'>184</span> <span class='ocrx_word' id='word_1_2' title='bbox 605 418 820 468; x_wconf 76' lang='lat' dir='ltr'>vancuanva</span> <span class='ocrx_word' id='word_1_3' title='bbox 842 419 1027 467; x_wconf 75' lang='lat' dir='ltr'>Pnnvvrun.</span> 
     </span>
    </p>
   </div>
   <div class='ocr_carea' id='block_1_2' title="bbox 235 561 1394 2680">
    <p class='ocr_par' dir='ltr' id='par_1_2' title="bbox 235 561 1394 2680">
     <span class='ocr_line' id='line_1_2' title="bbox 246 561 1389 650; baseline -0.003 -19"><span class='ocrx_word' id='word_1_4' title='bbox 246 569 408 650; x_wconf 87' lang='lat' dir='ltr'>testesque</span> <span class='ocrx_word' id='word_1_5' title='bbox 436 564 505 629; x_wconf 87' lang='lat' dir='ltr'>eius</span> <span class='ocrx_word' id='word_1_6' title='bbox 533 561 580 628; x_wconf 89' lang='lat' dir='ltr'>rei</span> <span class='ocrx_word' id='word_1_7' title='bbox 608 584 681 628; x_wconf 90' lang='lat' dir='ltr'>cum</span> <span class='ocrx_word' id='word_1_8' title='bbox 704 561 786 628; x_wconf 86' lang='lat' dir='ltr'>alios</span> <span class='ocrx_word' id='word_1_9' title='bbox 809 563 961 650; x_wconf 81' lang='lat' dir='ltr'>zoologcs</span> <span class='ocrx_word' id='word_1_10' title='bbox 985 563 1127 628; x_wconf 89' lang='lat' dir='ltr'>citaruut</span> <span class='ocrx_word' id='word_1_11' title='bbox 1150 565 1186 628; x_wconf 92' lang='lat' dir='ltr'>ut</span> <span class='ocrx_word' id='word_1_12' title='bbox 1208 561 1389 648; x_wconf 84' lang='lat' dir='ltr'>Buffcnem,</span> 
     </span>
     <span class='ocr_line' id='line_1_3' title="bbox 247 667 1389 756; baseline -0.002 -18"><span class='ocrx_word' id='word_1_13' title='bbox 247 670 442 756; x_wconf 88' lang='lat' dir='ltr'>Giebelium‚</span> <span class='ocrx_word' id='word_1_14' title='bbox 474 675 544 736; x_wconf 89' lang='lat' dir='ltr'>tum</span> <span class='ocrx_word' id='word_1_15' title='bbox 568 667 795 754; x_wconf 82' lang='lat' dir='ltr'>Schreberum‚</span> <span class='ocrx_word' id='word_1_16' title='bbox 828 669 918 734; x_wconf 91' lang='lat' dir='ltr'>cuius</span> <span class='ocrx_word' id='word_1_17' title='bbox 946 669 1027 735; x_wconf 87' lang='lat' dir='ltr'>haec</span> <span class='ocrx_word' id='word_1_18' title='bbox 1055 671 1165 736; x_wconf 88' lang='lat' dir='ltr'>verba.</span> <span class='ocrx_word' id='word_1_19' title='bbox 1182 673 1259 738; x_wconf 86' lang='lat' dir='ltr'>sunt</span> <span class='ocrx_word' id='word_1_20' title='bbox 1281 670 1316 736; x_wconf 90' lang='lat' dir='ltr'>in</span> <span class='ocrx_word' id='word_1_21' title='bbox 1338 669 1389 736; x_wconf 92' lang='lat' dir='ltr'>de·</span> 
     </span>
     <span class='ocr_line' id='line_1_4' title="bbox 248 775 1391 864; baseline -0.002 -20"><span class='ocrx_word' id='word_1_22' title='bbox 248 779 424 864; x_wconf 86' lang='lat' dir='ltr'>scriptione</span> <span class='ocrx_word' id='word_1_23' title='bbox 444 776 700 844; x_wconf 79' lang='lat' dir='ltr'>‘Mammalium&#39;</span> <span class='ocrx_word' id='word_1_24' title='bbox 723 777 785 842; x_wconf 91' lang='lat' dir='ltr'>vol.</span> <span class='ocrx_word' id='word_1_25' title='bbox 807 775 857 841; x_wconf 93' lang='lat' dir='ltr'>III</span> <span class='ocrx_word' id='word_1_26' title='bbox 884 800 914 862; x_wconf 90' lang='lat' dir='ltr'>p.</span> <span class='ocrx_word' id='word_1_27' title='bbox 938 775 1017 842; x_wconf 81' lang='lat'>350:</span> <span class='ocrx_word' id='word_1_28' title='bbox 1050 775 1111 840; x_wconf 82' lang='lat' dir='ltr'>‘im</span> <span class='ocrx_word' id='word_1_29' title='bbox 1134 775 1234 842; x_wconf 85' lang='lat' dir='ltr'>Laufe</span> <span class='ocrx_word' id='word_1_30' title='bbox 1261 777 1307 842; x_wconf 86' lang='lat' dir='ltr'>ist</span> <span class='ocrx_word' id='word_1_31' title='bbox 1334 777 1391 843; x_wconf 89' lang='lat' dir='ltr'>der</span> 
     </span>
     <span class='ocr_line' id='line_1_5' title="bbox 246 882 1391 970; baseline 0 -20"><span class='ocrx_word' id='word_1_32' title='bbox 246 885 342 951; x_wconf 85' lang='lat' dir='ltr'>Wolf</span> <span class='ocrx_word' id='word_1_33' title='bbox 367 885 442 950; x_wconf 87' lang='lat' dir='ltr'>sehr</span> <span class='ocrx_word' id='word_1_34' title='bbox 469 884 618 970; x_wconf 80' lang='lat' dir='ltr'>fldchtig3</span> <span class='ocrx_word' id='word_1_35' title='bbox 651 883 696 948; x_wconf 92' lang='lat' dir='ltr'>im</span> <span class='ocrx_word' id='word_1_36' title='bbox 719 882 831 948; x_wconf 88' lang='lat' dir='ltr'>Geben</span> <span class='ocrx_word' id='word_1_37' title='bbox 861 883 1014 949; x_wconf 85' lang='lat' dir='ltr'>schreitet</span> <span class='ocrx_word' id='word_1_38' title='bbox 1041 905 1076 950; x_wconf 89' lang='lat' dir='ltr'>er</span> <span class='ocrx_word' id='word_1_39' title='bbox 1098 883 1240 970; x_wconf 81' lang='lat' dir='ltr'>weniger</span> <span class='ocrx_word' id='word_1_40' title='bbox 1262 884 1311 950; x_wconf 87' lang='lat' dir='ltr'>als</span> <span class='ocrx_word' id='word_1_41' title='bbox 1334 885 1391 950; x_wconf 89' lang='lat' dir='ltr'>der</span> 
     </span>
     <span class='ocr_line' id='line_1_6' title="bbox 235 989 1391 1077; baseline -0.002 -20"><span class='ocrx_word' id='word_1_42' title='bbox 235 991 360 1077; x_wconf 82' lang='lat' dir='ltr'>Hand,</span> <span class='ocrx_word' id='word_1_43' title='bbox 391 991 456 1057; x_wconf 92' lang='lat' dir='ltr'>und</span> <span class='ocrx_word' id='word_1_44' title='bbox 484 990 552 1056; x_wconf 87' lang='lat' dir='ltr'>sein</span> <span class='ocrx_word' id='word_1_45' title='bbox 581 990 675 1076; x_wconf 84' lang='lat' dir='ltr'>Gang</span> <span class='ocrx_word' id='word_1_46' title='bbox 703 991 795 1076; x_wconf 81' lang='lat' dir='ltr'>giebt</span> <span class='ocrx_word' id='word_1_47' title='bbox 821 991 888 1056; x_wconf 92' lang='lat' dir='ltr'>ihm</span> <span class='ocrx_word' id='word_1_48' title='bbox 916 991 973 1056; x_wconf 90' lang='lat' dir='ltr'>das</span> <span class='ocrx_word' id='word_1_49' title='bbox 1001 989 1169 1073; x_wconf 89' lang='lat' dir='ltr'>Ausebeu,</span> <span class='ocrx_word' id='word_1_50' title='bbox 1201 991 1249 1056; x_wconf 87' lang='lat' dir='ltr'>als</span> <span class='ocrx_word' id='word_1_51' title='bbox 1282 991 1324 1057; x_wconf 95' lang='lat' dir='ltr'>ob</span> <span class='ocrx_word' id='word_1_52' title='bbox 1356 1013 1391 1056; x_wconf 89' lang='lat' dir='ltr'>er</span> 
     </span>
     <span class='ocr_line' id='line_1_7' title="bbox 248 1095 1389 1186; baseline -0.002 -22"><span class='ocrx_word' id='word_1_53' title='bbox 248 1098 473 1165; x_wconf 84' lang='lat' dir='ltr'>kreualahm</span> <span class='ocrx_word' id='word_1_54' title='bbox 497 1095 646 1186; x_wconf 81' lang='lat' dir='ltr'>viire&#39;.⁶)</span> <span class='ocrx_word' id='word_1_55' title='bbox 693 1096 785 1174; x_wconf 80' lang='lat' dir='ltr'>Qriod</span> <span class='ocrx_word' id='word_1_56' title='bbox 810 1119 883 1162; x_wconf 92' lang='lat' dir='ltr'>cum</span> <span class='ocrx_word' id='word_1_57' title='bbox 906 1097 953 1162; x_wconf 88' lang='lat' dir='ltr'>ita</span> <span class='ocrx_word' id='word_1_58' title='bbox 977 1097 1032 1182; x_wconf 88' lang='lat' dir='ltr'>sit,</span> <span class='ocrx_word' id='word_1_59' title='bbox 1055 1096 1208 1163; x_wconf 86' lang='lat' dir='ltr'>Plautino</span> <span class='ocrx_word' id='word_1_60' title='bbox 1231 1097 1389 1163; x_wconf 80' lang='lat' dir='ltr'><strong>versiculo</strong></span> 
     </span>
     <span class='ocr_line' id='line_1_8' title="bbox 249 1203 1390 1292; baseline -0.004 -20"><span class='ocrx_word' id='word_1_61' title='bbox 249 1206 330 1272; x_wconf 92' lang='lat' dir='ltr'>mibi</span> <span class='ocrx_word' id='word_1_62' title='bbox 358 1205 490 1271; x_wconf 91' lang='lat' dir='ltr'>dubium</span> <span class='ocrx_word' id='word_1_63' title='bbox 517 1227 583 1270; x_wconf 90' lang='lat' dir='ltr'>non</span> <span class='ocrx_word' id='word_1_64' title='bbox 611 1208 662 1270; x_wconf 88' lang='lat' dir='ltr'>est</span> <span class='ocrx_word' id='word_1_65' title='bbox 684 1205 763 1290; x_wconf 86' lang='lat' dir='ltr'>quin</span> <span class='ocrx_word' id='word_1_66' title='bbox 787 1203 913 1270; x_wconf 81' lang='lat' dir='ltr'>cinaedi</span> <span class='ocrx_word' id='word_1_67' title='bbox 936 1204 1071 1270; x_wconf 88' lang='lat' dir='ltr'>alicuius</span> <span class='ocrx_word' id='word_1_68' title='bbox 1096 1203 1254 1292; x_wconf 88' lang='lat' dir='ltr'>(bominis</span> <span class='ocrx_word' id='word_1_69' title='bbox 1278 1203 1390 1270; x_wconf 74' lang='lat' dir='ltr'>‘fracti</span> 
     </span>
     <span class='ocr_line' id='line_1_9' title="bbox 250 1308 1392 1399; baseline -0.004 -19"><span class='ocrx_word' id='word_1_70' title='bbox 250 1317 347 1399; x_wconf 89' lang='lat' dir='ltr'>atque</span> <span class='ocrx_word' id='word_1_71' title='bbox 375 1309 530 1378; x_wconf 89' lang='lat' dir='ltr'>elumbis&#39;</span> <span class='ocrx_word' id='word_1_72' title='bbox 558 1315 595 1376; x_wconf 91' lang='lat' dir='ltr'>ut</span> <span class='ocrx_word' id='word_1_73' title='bbox 622 1333 694 1376; x_wconf 90' lang='lat' dir='ltr'>cum</span> <span class='ocrx_word' id='word_1_74' title='bbox 723 1309 836 1377; x_wconf 80' lang='lat' dir='ltr'>Tacito</span> <span class='ocrx_word' id='word_1_75' title='bbox 866 1308 1007 1396; x_wconf 88' lang='lat' dir='ltr'>loquar),</span> <span class='ocrx_word' id='word_1_76' title='bbox 1039 1311 1177 1396; x_wconf 76' lang='lat' dir='ltr'>languor</span> <span class='ocrx_word' id='word_1_77' title='bbox 1208 1315 1241 1377; x_wconf 91' lang='lat' dir='ltr'>et</span> <span class='ocrx_word' id='word_1_78' title='bbox 1272 1311 1392 1376; x_wconf 89' lang='lat' dir='ltr'>inertia</span> 
     </span>
     <span class='ocr_line' id='line_1_10' title="bbox 250 1415 1390 1505; baseline 0 -21"><span class='ocrx_word' id='word_1_79' title='bbox 250 1421 391 1484; x_wconf 89' lang='lat' dir='ltr'>notetur.</span> <span class='ocrx_word' id='word_1_80' title='bbox 436 1415 549 1504; x_wconf 83' lang='lat' dir='ltr'>quue</span> <span class='ocrx_word' id='word_1_81' title='bbox 577 1417 715 1484; x_wconf 84' lang='lat' dir='ltr'>fortasse</span> <span class='ocrx_word' id='word_1_82' title='bbox 743 1418 846 1502; x_wconf 90' lang='lat' dir='ltr'>ipsius</span> <span class='ocrx_word' id='word_1_83' title='bbox 870 1416 997 1502; x_wconf 76' lang='lat' dir='ltr'>‘lupus&#39;</span> <span class='ocrx_word' id='word_1_84' title='bbox 1021 1418 1171 1484; x_wconf 81' lang='lat' dir='ltr'>vocabuli</span> <span class='ocrx_word' id='word_1_85' title='bbox 1194 1418 1390 1505; x_wconf 73' lang='lat' dir='ltr'>ambiguitas</span> 
     </span>
     <span class='ocr_line' id='line_1_11' title="bbox 250 1522 1391 1612; baseline -0.002 -21"><span class='ocrx_word' id='word_1_86' title='bbox 250 1525 407 1612; x_wconf 84' lang='lat' dir='ltr'>quaedam</span> <span class='ocrx_word' id='word_1_87' title='bbox 440 1527 575 1609; x_wconf 86' lang='lat' dir='ltr'>spectat.</span> <span class='ocrx_word' id='word_1_88' title='bbox 628 1524 753 1610; x_wconf 84' lang='lat' dir='ltr'>Quippe</span> <span class='ocrx_word' id='word_1_89' title='bbox 786 1525 885 1590; x_wconf 82' lang='grc' dir='ltr'>λύκον</span> <span class='ocrx_word' id='word_1_90' title='bbox 917 1522 1039 1591; x_wconf 90' lang='lat' dir='ltr'>dictum</span> <span class='ocrx_word' id='word_1_91' title='bbox 1071 1547 1141 1592; x_wconf 86' lang='lat' dir='ltr'>esse</span> <span class='ocrx_word' id='word_1_92' title='bbox 1174 1526 1391 1612; x_wconf 87' lang='lat' dir='ltr'>pedicatorem</span> 
     </span>
     <span class='ocr_line' id='line_1_12' title="bbox 250 1629 1392 1718; baseline -0.001 -21"><span class='ocrx_word' id='word_1_93' title='bbox 250 1630 398 1715; x_wconf 87' lang='lat' dir='ltr'>exempla</span> <span class='ocrx_word' id='word_1_94' title='bbox 420 1632 596 1698; x_wconf 88' lang='lat' dir='ltr'>ostendunt</span> <span class='ocrx_word' id='word_1_95' title='bbox 619 1631 661 1697; x_wconf 89' lang='lat' dir='ltr'>ab</span> <span class='ocrx_word' id='word_1_96' title='bbox 684 1631 833 1697; x_wconf 87' lang='lat' dir='ltr'>Iacobsio</span> <span class='ocrx_word' id='word_1_97' title='bbox 856 1630 1027 1698; x_wconf 84' lang='lat' dir='ltr'>Animadv.</span> <span class='ocrx_word' id='word_1_98' title='bbox 1050 1633 1086 1698; x_wconf 92' lang='lat' dir='ltr'>in</span> <span class='ocrx_word' id='word_1_99' title='bbox 1109 1632 1242 1698; x_wconf 83' lang='lat' dir='ltr'>Anthol.</span> <span class='ocrx_word' id='word_1_100' title='bbox 1257 1653 1305 1718; x_wconf 80' lang='lat' dir='ltr'>gr.</span> <span class='ocrx_word' id='word_1_101' title='bbox 1319 1629 1392 1715; x_wconf 85' lang='lat' dir='ltr'>tll,</span> 
     </span>
     <span class='ocr_line' id='line_1_13' title="bbox 250 1737 1392 1824; baseline 0 -20"><span class='ocrx_word' id='word_1_102' title='bbox 250 1739 270 1804; x_wconf 89' lang='lat'><strong>3</strong></span> <span class='ocrx_word' id='word_1_103' title='bbox 293 1762 324 1824; x_wconf 92' lang='lat' dir='ltr'>p.</span> <span class='ocrx_word' id='word_1_104' title='bbox 346 1738 408 1804; x_wconf 82' lang='lat'>123</span> <span class='ocrx_word' id='word_1_105' title='bbox 432 1741 638 1824; x_wconf 86' lang='lat' dir='ltr'>exprompta,</span> <span class='ocrx_word' id='word_1_106' title='bbox 661 1759 757 1822; x_wconf 90' lang='lat' dir='ltr'>quam</span> <span class='ocrx_word' id='word_1_107' title='bbox 781 1737 1062 1823; x_wconf 74' lang='lat' dir='ltr'>significationem,</span> <span class='ocrx_word' id='word_1_108' title='bbox 1086 1739 1155 1804; x_wconf 87' lang='lat' dir='ltr'>sive</span> <span class='ocrx_word' id='word_1_109' title='bbox 1178 1739 1392 1824; x_wconf 89' lang='lat' dir='ltr'>comparatio·</span> 
     </span>
     <span class='ocr_line' id='line_1_14' title="bbox 249 1843 1392 1931; baseline 0 -21"><span class='ocrx_word' id='word_1_110' title='bbox 249 1867 323 1910; x_wconf 91' lang='lat' dir='ltr'>nem</span> <span class='ocrx_word' id='word_1_111' title='bbox 346 1844 441 1928; x_wconf 90' lang='lat' dir='ltr'>dices,</span> <span class='ocrx_word' id='word_1_112' title='bbox 464 1845 546 1910; x_wconf 91' lang='lat' dir='ltr'>nihil</span> <span class='ocrx_word' id='word_1_113' title='bbox 564 1843 711 1928; x_wconf 87' lang='lat' dir='ltr'>profecto</span> <span class='ocrx_word' id='word_1_114' title='bbox 731 1845 867 1931; x_wconf 91' lang='lat' dir='ltr'>impedit</span> <span class='ocrx_word' id='word_1_115' title='bbox 886 1847 1057 1931; x_wconf 87' lang='lat' dir='ltr'>quominus</span> <span class='ocrx_word' id='word_1_116' title='bbox 1078 1847 1176 1912; x_wconf 88' lang='lat' dir='ltr'>etiam</span> <span class='ocrx_word' id='word_1_117' title='bbox 1195 1847 1235 1912; x_wconf 90' lang='lat' dir='ltr'>ad</span> <span class='ocrx_word' id='word_1_118' title='bbox 1254 1847 1392 1912; x_wconf 91' lang='lat' dir='ltr'>latinum</span> 
     </span>
     <span class='ocr_line' id='line_1_15' title="bbox 249 1950 1394 2040; baseline 0.002 -24"><span class='ocrx_word' id='word_1_119' title='bbox 249 1951 376 2036; x_wconf 82' lang='lat' dir='ltr'>‘lupus’</span> <span class='ocrx_word' id='word_1_120' title='bbox 397 1952 590 2018; x_wconf 87' lang='lat' dir='ltr'>vocabulum</span> <span class='ocrx_word' id='word_1_121' title='bbox 609 1952 805 2036; x_wconf 73' lang='lat' dir='ltr'>pertinuisse</span> <span class='ocrx_word' id='word_1_122' title='bbox 824 1950 1041 2040; x_wconf 70' lang='lat' dir='ltr'>eredamus²);</span> <span class='ocrx_word' id='word_1_123' title='bbox 1064 1953 1266 2038; x_wconf 88' lang='lat' dir='ltr'>pedicatcres</span> <span class='ocrx_word' id='word_1_124' title='bbox 1286 1957 1394 2019; x_wconf 87' lang='lat' dir='ltr'>autem</span> 
     </span>
     <span class='ocr_line' id='line_1_16' title="bbox 250 2059 1392 2146; baseline 0.002 -22"><span class='ocrx_word' id='word_1_125' title='bbox 250 2059 329 2124; x_wconf 86' lang='lat' dir='ltr'>satie</span> <span class='ocrx_word' id='word_1_126' title='bbox 353 2061 482 2123; x_wconf 87' lang='lat' dir='ltr'>constat</span> <span class='ocrx_word' id='word_1_127' title='bbox 504 2081 603 2144; x_wconf 90' lang='lat' dir='ltr'>quam</span> <span class='ocrx_word' id='word_1_128' title='bbox 626 2059 748 2126; x_wconf 87' lang='lat' dir='ltr'>usitata</span> <span class='ocrx_word' id='word_1_129' title='bbox 770 2059 916 2144; x_wconf 88' lang='lat' dir='ltr'>nequitia</span> <span class='ocrx_word' id='word_1_130' title='bbox 939 2060 1037 2125; x_wconf 87' lang='lat' dir='ltr'>etiam</span> <span class='ocrx_word' id='word_1_131' title='bbox 1060 2061 1263 2146; x_wconf 90' lang='lat' dir='ltr'>pathiccrum</span> <span class='ocrx_word' id='word_1_132' title='bbox 1282 2065 1392 2146; x_wconf 87' lang='lat' dir='ltr'>partes</span> 
     </span>
     <span class='ocr_line' id='line_1_17' title="bbox 249 2163 1392 2252; baseline 0 -22"><span class='ocrx_word' id='word_1_133' title='bbox 249 2169 379 2231; x_wconf 88' lang='lat' dir='ltr'>mutuas</span> <span class='ocrx_word' id='word_1_134' title='bbox 408 2165 628 2231; x_wconf 86' lang='lat' dir='ltr'>sustinuerint.</span> <span class='ocrx_word' id='word_1_135' title='bbox 672 2163 800 2231; x_wconf 86' lang='lat' dir='ltr'>Pathici</span> <span class='ocrx_word' id='word_1_136' title='bbox 827 2166 928 2252; x_wconf 80' lang='lat' dir='ltr'>igitur</span> <span class='ocrx_word' id='word_1_137' title='bbox 955 2168 1120 2234; x_wconf 89' lang='lat' dir='ltr'>notionem</span> <span class='ocrx_word' id='word_1_138' title='bbox 1149 2168 1282 2232; x_wconf 87' lang='lat' dir='ltr'>subesse</span> <span class='ocrx_word' id='word_1_139' title='bbox 1305 2171 1392 2232; x_wconf 90' lang='lat' dir='ltr'>recte</span> 
     </span>
     <span class='ocr_line' id='line_1_18' title="bbox 249 2271 1394 2360; baseline 0 -22"><span class='ocrx_word' id='word_1_140' title='bbox 249 2271 444 2357; x_wconf 80' lang='lat' dir='ltr'>intellegens</span> <span class='ocrx_word' id='word_1_141' title='bbox 467 2275 559 2338; x_wconf 90' lang='lat' dir='ltr'>vetus</span> <span class='ocrx_word' id='word_1_142' title='bbox 584 2272 700 2360; x_wconf 89' lang='lat' dir='ltr'>aliquis</span> <span class='ocrx_word' id='word_1_143' title='bbox 723 2271 881 2357; x_wconf 75' lang='lat' dir='ltr'>interpres</span> <span class='ocrx_word' id='word_1_144' title='bbox 905 2272 1014 2339; x_wconf 88' lang='lat' dir='ltr'>Plauti</span> <span class='ocrx_word' id='word_1_145' title='bbox 1037 2295 1110 2339; x_wconf 92' lang='lat' dir='ltr'>cum</span> <span class='ocrx_word' id='word_1_146' title='bbox 1133 2271 1306 2340; x_wconf 68' lang='lat' dir='ltr'>‘infractos</span> <span class='ocrx_word' id='word_1_147' title='bbox 1330 2275 1394 2339; x_wconf 89' lang='lat' dir='ltr'>clu-</span> 
     </span>
     <span class='ocr_line' id='line_1_19' title="bbox 249 2377 1393 2464; baseline 0 -20"><span class='ocrx_word' id='word_1_148' title='bbox 249 2377 323 2444; x_wconf 91' lang='lat' dir='ltr'>nes’</span> <span class='ocrx_word' id='word_1_149' title='bbox 348 2379 540 2464; x_wconf 74' lang='lat' dir='ltr'>explicasset</span> <span class='ocrx_word' id='word_1_150' title='bbox 563 2377 797 2462; x_wconf 80' lang='lat' dir='ltr'>‘distortos&#39;,</span> <span class='ocrx_word' id='word_1_151' title='bbox 819 2379 899 2445; x_wconf 91' lang='lat' dir='ltr'>haec</span> <span class='ocrx_word' id='word_1_152' title='bbox 922 2380 995 2464; x_wconf 90' lang='lat' dir='ltr'>ipsa</span> <span class='ocrx_word' id='word_1_153' title='bbox 1018 2379 1242 2464; x_wconf 65' lang='lat' dir='ltr'>interpretatio</span> <span class='ocrx_word' id='word_1_154' title='bbox 1262 2379 1393 2445; x_wconf 85' lang='lat' dir='ltr'>transiit</span> 
     </span>
     <span class='ocr_line' id='line_1_20' title="bbox 250 2483 1392 2582; baseline 0.002 -32"><span class='ocrx_word' id='word_1_155' title='bbox 250 2486 283 2550; x_wconf 92' lang='lat' dir='ltr'>iu</span> <span class='ocrx_word' id='word_1_156' title='bbox 307 2486 417 2570; x_wconf 83' lang='lat' dir='ltr'>copies</span> <span class='ocrx_word' id='word_1_157' title='bbox 442 2508 462 2550; x_wconf 86' lang='lat' dir='ltr'>a</span> <span class='ocrx_word' id='word_1_158' title='bbox 483 2485 591 2552; x_wconf 90' lang='lat' dir='ltr'>Nonio</span> <span class='ocrx_word' id='word_1_159' title='bbox 614 2484 783 2569; x_wconf 83' lang='lat' dir='ltr'>expilatae.</span> <span class='ocrx_word' id='word_1_160' title='bbox 818 2483 904 2582; x_wconf 83' lang='lat' dir='ltr'>Nam</span> <span class='ocrx_word' id='word_1_161' title='bbox 927 2490 964 2551; x_wconf 91' lang='lat' dir='ltr'>ut</span> <span class='ocrx_word' id='word_1_162' title='bbox 986 2485 1049 2552; x_wconf 91' lang='lat' dir='ltr'>huc</span> <span class='ocrx_word' id='word_1_163' title='bbox 1072 2487 1180 2572; x_wconf 79' lang='lat' dir='ltr'>potius</span> <span class='ocrx_word' id='word_1_164' title='bbox 1204 2489 1392 2572; x_wconf 90' lang='lat' dir='ltr'>corruptum</span> 
     </span>
     <span class='ocr_line' id='line_1_21' title="bbox 250 2575 1394 2680; baseline 0 -22"><span class='ocrx_word' id='word_1_165' title='bbox 250 2593 285 2658; x_wconf 91' lang='lat' dir='ltr'>in</span> <span class='ocrx_word' id='word_1_166' title='bbox 297 2593 328 2659; x_wconf 86' lang='lat' dir='ltr'>N</span> <span class='ocrx_word' id='word_1_167' title='bbox 331 2591 456 2658; x_wconf 89' lang='lat' dir='ltr'>cuiauis</span> <span class='ocrx_word' id='word_1_168' title='bbox 475 2589 569 2656; x_wconf 89' lang='lat' dir='ltr'>libris</span> <span class='ocrx_word' id='word_1_169' title='bbox 587 2590 725 2671; x_wconf 61' lang='lat' dir='ltr'>dambe,</span> <span class='ocrx_word' id='word_1_170' title='bbox 749 2591 834 2677; x_wconf 92' lang='lat' dir='ltr'>quod</span> <span class='ocrx_word' id='word_1_171' title='bbox 852 2593 998 2678; x_wconf 83' lang='lat' dir='ltr'>intellegi</span> <span class='ocrx_word' id='word_1_172' title='bbox 1017 2616 1113 2679; x_wconf 85' lang='lat' dir='ltr'>posse</span> <span class='ocrx_word' id='word_1_173' title='bbox 1131 2575 1224 2680; x_wconf 82' lang='lat' dir='ltr'>nego,</span> <span class='ocrx_word' id='word_1_174' title='bbox 1247 2614 1394 2659; x_wconf 78' lang='lat' dir='ltr'>revocem</span> 
     </span>
    </p>
   </div>
   <div class='ocr_carea' id='block_1_3' title="bbox 251 2697 1507 2784">
    <p class='ocr_par' dir='ltr' id='par_1_3' title="bbox 251 2697 1507 2784">
     <span class='ocr_line' id='line_1_22' title="bbox 251 2697 1507 2784; baseline 0.001 -22"><span class='ocrx_word' id='word_1_175' title='bbox 251 2720 346 2784; x_wconf 87' lang='lat' dir='ltr'>quam</span> <span class='ocrx_word' id='word_1_176' title='bbox 375 2697 416 2764; x_wconf 86' lang='lat' dir='ltr'>ad</span> <span class='ocrx_word' id='word_1_177' title='bbox 443 2697 596 2764; x_wconf 68' lang='lat' dir='ltr'>districtos</span> <span class='ocrx_word' id='word_1_178' title='bbox 623 2698 674 2762; x_wconf 88' lang='lat' dir='ltr'>vel</span> <span class='ocrx_word' id='word_1_179' title='bbox 702 2699 847 2764; x_wconf 57' lang='lat' dir='ltr'>demtos</span> <span class='ocrx_word' id='word_1_180' title='bbox 873 2699 925 2763; x_wconf 89' lang='lat' dir='ltr'>vel</span> <span class='ocrx_word' id='word_1_181' title='bbox 954 2699 1091 2766; x_wconf 72' lang='lat' dir='ltr'>dictitas</span> <span class='ocrx_word' id='word_1_182' title='bbox 1118 2701 1168 2764; x_wconf 87' lang='lat' dir='ltr'>vel</span> <span class='ocrx_word' id='word_1_183' title='bbox 1191 2701 1316 2766; x_wconf 77' lang='lat' dir='ltr'>detritos</span> <span class='ocrx_word' id='word_1_184' title='bbox 1339 2702 1397 2764; x_wconf 86' lang='lat' dir='ltr'>aut</span> <span class='ocrx_word' id='word_1_185' title='bbox 1500 2709 1507 2722; x_wconf 91' lang='lat'><em>&#39;</em></span> 
     </span>
    </p>
   </div>
   <div class='ocr_carea' id='block_1_4' title="bbox 160 2801 1399 3528">
    <p class='ocr_par' dir='ltr' id='par_1_4' title="bbox 160 2801 1399 3528">
     <span class='ocr_line' id='line_1_23' title="bbox 160 2801 1395 2890; baseline 0.001 -20"><span class='ocrx_word' id='word_1_186' title='bbox 160 2871 164 2880; x_wconf 77' lang='grc'><strong><em>,</em></strong></span> <span class='ocrx_word' id='word_1_187' title='bbox 250 2805 393 2886; x_wconf 77' lang='lat' dir='ltr'>defrictcs</span> <span class='ocrx_word' id='word_1_188' title='bbox 420 2802 516 2890; x_wconf 91' lang='lat' dir='ltr'>(nibil</span> <span class='ocrx_word' id='word_1_189' title='bbox 546 2809 582 2869; x_wconf 91' lang='lat' dir='ltr'>ut</span> <span class='ocrx_word' id='word_1_190' title='bbox 605 2803 644 2869; x_wconf 91' lang='lat' dir='ltr'>de</span> <span class='ocrx_word' id='word_1_191' title='bbox 667 2801 830 2872; x_wconf 87' lang='lat' dir='ltr'>Bothiano</span> <span class='ocrx_word' id='word_1_192' title='bbox 854 2805 981 2887; x_wconf 77' lang='lat' dir='ltr'>desectos</span> <span class='ocrx_word' id='word_1_193' title='bbox 1003 2805 1108 2870; x_wconf 90' lang='lat' dir='ltr'>dicam</span> <span class='ocrx_word' id='word_1_194' title='bbox 1131 2805 1183 2870; x_wconf 90' lang='lat' dir='ltr'>vel</span> <span class='ocrx_word' id='word_1_195' title='bbox 1207 2805 1325 2871; x_wconf 87' lang='lat' dir='ltr'>vitioso</span> <span class='ocrx_word' id='word_1_196' title='bbox 1348 2807 1395 2871; x_wconf 82' lang='lat' dir='ltr'>di-</span> 
     </span>
     <span class='ocr_line' id='line_1_24' title="bbox 250 2909 1395 2998; baseline -0.002 -20"><span class='ocrx_word' id='word_1_197' title='bbox 250 2916 345 2978; x_wconf 75' lang='lat' dir='ltr'>sertos</span> <span class='ocrx_word' id='word_1_198' title='bbox 369 2909 521 2998; x_wconf 87' lang='lat' dir='ltr'>Osanni),</span> <span class='ocrx_word' id='word_1_199' title='bbox 538 2915 668 2996; x_wconf 85' lang='lat' dir='ltr'>praeter</span> <span class='ocrx_word' id='word_1_200' title='bbox 692 2911 757 2976; x_wconf 87' lang='lat' dir='ltr'>alia</span> <span class='ocrx_word' id='word_1_201' title='bbox 781 2911 917 2977; x_wconf 84' lang='lat' dir='ltr'>suadent</span> <span class='ocrx_word' id='word_1_202' title='bbox 940 2911 1075 2977; x_wconf 75' lang='lat' dir='ltr'>‘extorti</span> <span class='ocrx_word' id='word_1_203' title='bbox 1099 2909 1225 2978; x_wconf 86' lang='lat' dir='ltr'>clunes&#39;</span> <span class='ocrx_word' id='word_1_204' title='bbox 1250 2911 1395 2978; x_wconf 87' lang='lat' dir='ltr'>Petronii</span> 
     </span>
     <span class='ocr_line' id='line_1_25' title="bbox 252 3017 1397 3105; baseline 0.001 -21"><span class='ocrx_word' id='word_1_205' title='bbox 252 3041 278 3084; x_wconf 90' lang='lat' dir='ltr'>c.</span> <span class='ocrx_word' id='word_1_206' title='bbox 289 3019 340 3084; x_wconf 78' lang='lat'>21.</span> <span class='ocrx_word' id='word_1_207' title='bbox 356 3055 397 3065; x_wconf 92' lang='lat'>-</span> <span class='ocrx_word' id='word_1_208' title='bbox 413 3017 565 3085; x_wconf 82' lang='lat' dir='ltr'>Ceterum</span> <span class='ocrx_word' id='word_1_209' title='bbox 584 3019 622 3083; x_wconf 94' lang='lat' dir='ltr'>de</span> <span class='ocrx_word' id='word_1_210' title='bbox 642 3018 796 3104; x_wconf 82' lang='lat' dir='ltr'>ambiguo</span> <span class='ocrx_word' id='word_1_211' title='bbox 816 3039 932 3104; x_wconf 80' lang='lat' dir='ltr'>genere</span> <span class='ocrx_word' id='word_1_212' title='bbox 951 3019 1165 3105; x_wconf 83' lang='lat' dir='ltr'>grammatico</span> <span class='ocrx_word' id='word_1_213' title='bbox 1179 3019 1280 3084; x_wconf 81' lang='lat' dir='ltr'>clunis</span> <span class='ocrx_word' id='word_1_214' title='bbox 1293 3019 1397 3085; x_wconf 81' lang='lat' dir='ltr'>clunes</span> 
     </span>
     <span class='ocr_line' id='line_1_26' title="bbox 253 3121 1396 3212; baseline 0.001 -22"><span class='ocrx_word' id='word_1_215' title='bbox 253 3124 402 3192; x_wconf 88' lang='lat' dir='ltr'>vocabuli</span> <span class='ocrx_word' id='word_1_216' title='bbox 425 3145 498 3189; x_wconf 89' lang='lat' dir='ltr'>cum</span> <span class='ocrx_word' id='word_1_217' title='bbox 520 3122 620 3189; x_wconf 91' lang='lat' dir='ltr'>Nonii</span> <span class='ocrx_word' id='word_1_218' title='bbox 642 3121 793 3207; x_wconf 85' lang='lat' dir='ltr'>Festique</span> <span class='ocrx_word' id='word_1_219' title='bbox 817 3123 1012 3190; x_wconf 88' lang='lat' dir='ltr'>testimoniis</span> <span class='ocrx_word' id='word_1_220' title='bbox 1028 3122 1212 3192; x_wconf 79' lang='lat' dir='ltr'>Charisium</span> <span class='ocrx_word' id='word_1_221' title='bbox 1235 3125 1284 3212; x_wconf 90' lang='lat' dir='ltr'>(in</span> <span class='ocrx_word' id='word_1_222' title='bbox 1307 3126 1396 3192; x_wconf 87' lang='lat' dir='ltr'>cuius</span> 
     </span>
     <span class='ocr_line' id='line_1_27' title="bbox 253 3227 1397 3317; baseline 0.001 -21"><span class='ocrx_word' id='word_1_223' title='bbox 253 3229 361 3296; x_wconf 85' lang='lat' dir='ltr'>verbis</span> <span class='ocrx_word' id='word_1_224' title='bbox 384 3253 415 3314; x_wconf 93' lang='lat' dir='ltr'>p.</span> <span class='ocrx_word' id='word_1_225' title='bbox 433 3231 562 3315; x_wconf 89' lang='lat'>101,10</span> <span class='ocrx_word' id='word_1_226' title='bbox 584 3229 691 3314; x_wconf 85' lang='lat' dir='ltr'>ipsum</span> <span class='ocrx_word' id='word_1_227' title='bbox 711 3251 840 3294; x_wconf 89' lang='lat' dir='ltr'>versum</span> <span class='ocrx_word' id='word_1_228' title='bbox 857 3227 1044 3294; x_wconf 89' lang='lat' dir='ltr'>Plautinum</span> <span class='ocrx_word' id='word_1_229' title='bbox 1067 3229 1270 3298; x_wconf 87' lang='lat' dir='ltr'>intercidisse</span> <span class='ocrx_word' id='word_1_230' title='bbox 1293 3231 1397 3317; x_wconf 88' lang='lat' dir='ltr'>suspi-</span> 
     </span>
     <span class='ocr_line' id='line_1_28' title="bbox 253 3333 1397 3422; baseline -0.001 -18"><span class='ocrx_word' id='word_1_231' title='bbox 253 3360 309 3404; x_wconf 90' lang='lat' dir='ltr'>cor</span> <span class='ocrx_word' id='word_1_232' title='bbox 337 3337 417 3402; x_wconf 91' lang='lat' dir='ltr'>duce</span> <span class='ocrx_word' id='word_1_233' title='bbox 444 3333 566 3422; x_wconf 82' lang='lat' dir='ltr'>Keilio)</span> <span class='ocrx_word' id='word_1_234' title='bbox 598 3339 695 3421; x_wconf 89' lang='lat' dir='ltr'>atque</span> <span class='ocrx_word' id='word_1_235' title='bbox 724 3333 871 3401; x_wconf 85' lang='lat' dir='ltr'>Servium</span> <span class='ocrx_word' id='word_1_236' title='bbox 899 3337 1083 3422; x_wconf 87' lang='lat' dir='ltr'>composuit</span> <span class='ocrx_word' id='word_1_237' title='bbox 1104 3336 1242 3404; x_wconf 89' lang='lat' dir='ltr'>Vossius</span> <span class='ocrx_word' id='word_1_238' title='bbox 1270 3333 1339 3404; x_wconf 79' lang='lat' dir='ltr'>l.&#39;s.</span> <span class='ocrx_word' id='word_1_239' title='bbox 1363 3362 1397 3422; x_wconf 81' lang='lat' dir='ltr'>a,</span> 
     </span>
     <span class='ocr_line' id='line_1_29' title="bbox 253 3439 1399 3528; baseline 0 -18"><span class='ocrx_word' id='word_1_240' title='bbox 253 3443 384 3510; x_wconf 84' lang='lat' dir='ltr'>Horatii</span> <span class='ocrx_word' id='word_1_241' title='bbox 403 3443 604 3528; x_wconf 84' lang='lat' dir='ltr'>scholiastae,</span> <span class='ocrx_word' id='word_1_242' title='bbox 627 3441 779 3526; x_wconf 83' lang='lat' dir='ltr'>Phocum,</span> <span class='ocrx_word' id='word_1_243' title='bbox 802 3439 944 3528; x_wconf 81' lang='lat' dir='ltr'>Capram</span> <span class='ocrx_word' id='word_1_244' title='bbox 968 3464 1041 3508; x_wconf 91' lang='lat' dir='ltr'>cum</span> <span class='ocrx_word' id='word_1_245' title='bbox 1063 3443 1201 3511; x_wconf 88' lang='lat' dir='ltr'>recentis</span> <span class='ocrx_word' id='word_1_246' title='bbox 1224 3445 1399 3511; x_wconf 87' lang='lat' dir='ltr'>memoriae</span> 
     </span>
    </p>
   </div>
   <div class='ocr_carea' id='block_1_5' title="bbox 253 3652 1400 4616">
    <p class='ocr_par' dir='ltr' id='par_1_5' title="bbox 253 3652 1400 4070">
     <span class='ocr_line' id='line_1_30' title="bbox 325 3652 1400 3726; baseline -0.002 -14"><span class='ocrx_word' id='word_1_247' title='bbox 325 3657 352 3726; x_wconf 86' lang='grc'>6)</span> <span class='ocrx_word' id='word_1_248' title='bbox 372 3654 481 3710; x_wconf 84' lang='lat' dir='ltr'>Addere</span> <span class='ocrx_word' id='word_1_249' title='bbox 500 3653 599 3710; x_wconf 85' lang='lat' dir='ltr'>licebit</span> <span class='ocrx_word' id='word_1_250' title='bbox 615 3652 704 3724; x_wconf 85' lang='lat' dir='ltr'>ipsius</span> <span class='ocrx_word' id='word_1_251' title='bbox 723 3653 873 3710; x_wconf 87' lang='lat' dir='ltr'>Lenclrarti</span> <span class='ocrx_word' id='word_1_252' title='bbox 891 3653 990 3710; x_wconf 78' lang='lat' dir='ltr'>verba:</span> <span class='ocrx_word' id='word_1_253' title='bbox 1011 3653 1073 3710; x_wconf 87' lang='lat' dir='ltr'>‘der</span> <span class='ocrx_word' id='word_1_254' title='bbox 1082 3653 1162 3710; x_wconf 80' lang='lat' dir='ltr'>Wolf</span> <span class='ocrx_word' id='word_1_255' title='bbox 1175 3655 1230 3726; x_wconf 77' lang='lat' dir='ltr'>gilt</span> <span class='ocrx_word' id='word_1_256' title='bbox 1243 3655 1297 3710; x_wconf 89' lang='lat' dir='ltr'>mit</span> <span class='ocrx_word' id='word_1_257' title='bbox 1309 3655 1400 3712; x_wconf 80' lang='lat' dir='ltr'>Recht</span> 
     </span>
     <span class='ocr_line' id='line_1_31' title="bbox 253 3741 1398 3812; baseline -0.003 -10"><span class='ocrx_word' id='word_1_258' title='bbox 253 3747 298 3802; x_wconf 82' lang='lat' dir='ltr'>fdr</span> <span class='ocrx_word' id='word_1_259' title='bbox 320 3743 565 3810; x_wconf 77' lang='lat' dir='ltr'>leudeuschvvacb3</span> <span class='ocrx_word' id='word_1_260' title='bbox 594 3743 654 3798; x_wconf 83' lang='lat' dir='ltr'>sein</span> <span class='ocrx_word' id='word_1_261' title='bbox 672 3742 783 3799; x_wconf 83' lang='lat' dir='ltr'>Becken</span> <span class='ocrx_word' id='word_1_262' title='bbox 809 3743 846 3798; x_wconf 81' lang='lat' dir='ltr'>iit</span> <span class='ocrx_word' id='word_1_263' title='bbox 868 3742 1041 3812; x_wconf 73' lang='lat' dir='ltr'>schwtchcr,</span> <span class='ocrx_word' id='word_1_264' title='bbox 1066 3741 1111 3798; x_wconf 92' lang='lat' dir='ltr'>die</span> <span class='ocrx_word' id='word_1_265' title='bbox 1130 3744 1312 3800; x_wconf 87' lang='lat' dir='ltr'>Hinterbeiue</span> <span class='ocrx_word' id='word_1_266' title='bbox 1336 3743 1398 3799; x_wconf 86' lang='lat' dir='ltr'>sind</span> 
     </span>
     <span class='ocr_line' id='line_1_32' title="bbox 254 3831 1399 3904; baseline -0.003 -14"><span class='ocrx_word' id='word_1_267' title='bbox 254 3834 406 3904; x_wconf 83' lang='lat' dir='ltr'>zierlichcr‚</span> <span class='ocrx_word' id='word_1_268' title='bbox 426 3833 470 3888; x_wconf 89' lang='lat' dir='ltr'>die</span> <span class='ocrx_word' id='word_1_269' title='bbox 490 3832 577 3888; x_wconf 72' lang='lat' dir='ltr'>Ltule</span> <span class='ocrx_word' id='word_1_270' title='bbox 596 3831 703 3888; x_wconf 80' lang='lat' dir='ltr'>dunner</span> <span class='ocrx_word' id='word_1_271' title='bbox 721 3831 763 3887; x_wconf 84' lang='lat' dir='ltr'>als</span> <span class='ocrx_word' id='word_1_272' title='bbox 781 3831 857 3888; x_wconf 89' lang='lat' dir='ltr'>beim</span> <span class='ocrx_word' id='word_1_273' title='bbox 876 3831 990 3900; x_wconf 86' lang='lat' dir='ltr'>Hunde‚</span> <span class='ocrx_word' id='word_1_274' title='bbox 1009 3831 1062 3887; x_wconf 84' lang='lat' dir='ltr'>vie</span> <span class='ocrx_word' id='word_1_275' title='bbox 1081 3832 1154 3887; x_wconf 89' lang='lat' dir='ltr'>dean</span> <span class='ocrx_word' id='word_1_276' title='bbox 1173 3833 1331 3904; x_wconf 75' lang='lat' dir='ltr'>uberhaupt</span> <span class='ocrx_word' id='word_1_277' title='bbox 1349 3833 1399 3888; x_wconf 90' lang='lat' dir='ltr'>der</span> 
     </span>
     <span class='ocr_line' id='line_1_33' title="bbox 254 3919 1398 3997; baseline -0.003 -17"><span class='ocrx_word' id='word_1_278' title='bbox 254 3941 341 3997; x_wconf 83' lang='lat' dir='ltr'>genae</span> <span class='ocrx_word' id='word_1_279' title='bbox 359 3923 561 3992; x_wconf 76' lang='lat' dir='ltr'>Hinterlrbrper</span> <span class='ocrx_word' id='word_1_280' title='bbox 588 3937 624 3975; x_wconf 89' lang='lat' dir='ltr'>an</span> <span class='ocrx_word' id='word_1_281' title='bbox 652 3919 868 3992; x_wconf 83' lang='lat' dir='ltr'>Entvviclrelung</span> <span class='ocrx_word' id='word_1_282' title='bbox 896 3919 953 3974; x_wconf 85' lang='lat' dir='ltr'>und</span> <span class='ocrx_word' id='word_1_283' title='bbox 981 3919 1188 3992; x_wconf 80' lang='lat' dir='ltr'>Kraltleistuog</span> <span class='ocrx_word' id='word_1_284' title='bbox 1214 3921 1307 3978; x_wconf 84' lang='lat' dir='ltr'>binter</span> <span class='ocrx_word' id='word_1_285' title='bbox 1334 3921 1398 3977; x_wconf 86' lang='lat' dir='ltr'>dem</span> 
     </span>
     <span class='ocr_line' id='line_1_34' title="bbox 255 4009 668 4070; baseline -0.015 0"><span class='ocrx_word' id='word_1_286' title='bbox 255 4011 437 4070; x_wconf 85' lang='lat' dir='ltr'>Vcrderleibc</span> <span class='ocrx_word' id='word_1_287' title='bbox 455 4009 668 4065; x_wconf 59' lang='lat' dir='ltr'>aurcokblaibtff</span> 
     </span>
    </p>

    <p class='ocr_par' dir='ltr' id='par_1_6' title="bbox 255 4097 1400 4616">
     <span class='ocr_line' id='line_1_35' title="bbox 325 4097 1400 4172; baseline -0.003 -16"><span class='ocrx_word' id='word_1_288' title='bbox 325 4104 353 4172; x_wconf 74' lang='lat' dir='ltr'>l)</span> <span class='ocrx_word' id='word_1_289' title='bbox 373 4103 414 4156; x_wconf 81' lang='lat' dir='ltr'>Ac</span> <span class='ocrx_word' id='word_1_290' title='bbox 432 4097 552 4155; x_wconf 76' lang='lat' dir='ltr'>fortasse</span> <span class='ocrx_word' id='word_1_291' title='bbox 571 4116 626 4154; x_wconf 90' lang='lat' dir='ltr'>ncn</span> <span class='ocrx_word' id='word_1_292' title='bbox 644 4101 759 4170; x_wconf 88' lang='lat' dir='ltr'>propter</span> <span class='ocrx_word' id='word_1_293' title='bbox 778 4099 866 4155; x_wconf 79' lang='lat' dir='ltr'>eclam</span> <span class='ocrx_word' id='word_1_294' title='bbox 885 4098 1070 4169; x_wconf 81' lang='lat' dir='ltr'>rapacitatem</span> <span class='ocrx_word' id='word_1_295' title='bbox 1084 4099 1166 4170; x_wconf 84' lang='lat' dir='ltr'>Lyci</span> <span class='ocrx_word' id='word_1_296' title='bbox 1185 4117 1286 4156; x_wconf 86' lang='lat' dir='ltr'>nomen</span> <span class='ocrx_word' id='word_1_297' title='bbox 1305 4099 1400 4156; x_wconf 88' lang='lat' dir='ltr'>lenoni</span> 
     </span>
     <span class='ocr_line' id='line_1_36' title="bbox 257 4187 1399 4262; baseline -0.003 -15"><span class='ocrx_word' id='word_1_298' title='bbox 257 4191 419 4262; x_wconf 84' lang='lat' dir='ltr'>impositum</span> <span class='ocrx_word' id='word_1_299' title='bbox 438 4191 482 4244; x_wconf 86' lang='lat' dir='ltr'>cst</span> <span class='ocrx_word' id='word_1_300' title='bbox 499 4188 529 4244; x_wconf 88' lang='lat' dir='ltr'>in</span> <span class='ocrx_word' id='word_1_301' title='bbox 543 4187 675 4244; x_wconf 88' lang='lat' dir='ltr'>Poenulo.</span> <span class='ocrx_word' id='word_1_302' title='bbox 691 4219 723 4229; x_wconf 89' lang='lat'><em>-</em></span> <span class='ocrx_word' id='word_1_303' title='bbox 739 4187 845 4244; x_wconf 79' lang='lat' dir='ltr'>benoni</span> <span class='ocrx_word' id='word_1_304' title='bbox 863 4189 957 4244; x_wconf 87' lang='lat' dir='ltr'>autem</span> <span class='ocrx_word' id='word_1_305' title='bbox 976 4189 1051 4244; x_wconf 86' lang='lat' dir='ltr'>haud</span> <span class='ocrx_word' id='word_1_306' title='bbox 1069 4187 1126 4245; x_wconf 85' lang='lat' dir='ltr'>scic</span> <span class='ocrx_word' id='word_1_307' title='bbox 1142 4205 1178 4243; x_wconf 90' lang='lat' dir='ltr'>an</span> <span class='ocrx_word' id='word_1_308' title='bbox 1191 4187 1254 4259; x_wconf 86' lang='lat' dir='ltr'>ipsa</span> <span class='ocrx_word' id='word_1_309' title='bbox 1267 4187 1399 4244; x_wconf 83' lang='lat' dir='ltr'>Plautina</span> 
     </span>
     <span class='ocr_line' id='line_1_37' title="bbox 255 4276 1397 4348; baseline -0.003 -13"><span class='ocrx_word' id='word_1_310' title='bbox 255 4281 341 4336; x_wconf 85' lang='lat' dir='ltr'>verba</span> <span class='ocrx_word' id='word_1_311' title='bbox 359 4296 414 4334; x_wconf 90' lang='lat' dir='ltr'>uon</span> <span class='ocrx_word' id='word_1_312' title='bbox 433 4277 608 4334; x_wconf 87' lang='lat' dir='ltr'>incommode</span> <span class='ocrx_word' id='word_1_313' title='bbox 626 4277 792 4333; x_wconf 87' lang='lat' dir='ltr'>tribuantur.</span> <span class='ocrx_word' id='word_1_314' title='bbox 831 4277 919 4344; x_wconf 78' lang='lat' dir='ltr'>erem</span> <span class='ocrx_word' id='word_1_315' title='bbox 945 4277 1050 4334; x_wconf 78' lang='lat' dir='ltr'>anricus</span> <span class='ocrx_word' id='word_1_316' title='bbox 1068 4280 1164 4334; x_wconf 86' lang='lat' dir='ltr'>monet</span> <span class='ocrx_word' id='word_1_317' title='bbox 1182 4276 1254 4333; x_wconf 86' lang='lat' dir='ltr'>sen&#39;c</span> <span class='ocrx_word' id='word_1_318' title='bbox 1273 4277 1397 4348; x_wconf 85' lang='lat' dir='ltr'>potuisse</span> 
     </span>
     <span class='ocr_line' id='line_1_38' title="bbox 256 4365 1400 4436; baseline -0.003 -12"><span class='ocrx_word' id='word_1_319' title='bbox 256 4371 285 4424; x_wconf 87' lang='lat' dir='ltr'>et</span> <span class='ocrx_word' id='word_1_320' title='bbox 306 4385 400 4424; x_wconf 84' lang='lat' dir='ltr'>armos</span> <span class='ocrx_word' id='word_1_321' title='bbox 422 4371 452 4423; x_wconf 91' lang='lat' dir='ltr'>et</span> <span class='ocrx_word' id='word_1_322' title='bbox 474 4367 569 4422; x_wconf 82' lang='lat' dir='ltr'>clunes</span> <span class='ocrx_word' id='word_1_323' title='bbox 587 4365 696 4422; x_wconf 82' lang='lat' dir='ltr'>validos</span> <span class='ocrx_word' id='word_1_324' title='bbox 715 4367 753 4434; x_wconf 90' lang='lat' dir='ltr'>(b.</span> <span class='ocrx_word' id='word_1_325' title='bbox 773 4383 795 4420; x_wconf 93' lang='lat' dir='ltr'>c.</span> <span class='ocrx_word' id='word_1_326' title='bbox 815 4383 880 4422; x_wconf 92' lang='lat' dir='ltr'>ncn</span> <span class='ocrx_word' id='word_1_327' title='bbox 899 4365 1011 4436; x_wconf 79' lang='lat' dir='ltr'>fractos)</span> <span class='ocrx_word' id='word_1_328' title='bbox 1030 4365 1207 4436; x_wconf 86' lang='lat' dir='ltr'>praedicare,</span> <span class='ocrx_word' id='word_1_329' title='bbox 1231 4366 1281 4421; x_wconf 90' lang='lat' dir='ltr'>sed</span> <span class='ocrx_word' id='word_1_330' title='bbox 1299 4365 1332 4420; x_wconf 90' lang='lat' dir='ltr'>ut</span> <span class='ocrx_word' id='word_1_331' title='bbox 1349 4383 1400 4436; x_wconf 88' lang='lat' dir='ltr'>per</span> 
     </span>
     <span class='ocr_line' id='line_1_39' title="bbox 255 4453 1396 4527; baseline -0.003 -14"><span class='ocrx_word' id='word_1_332' title='bbox 255 4457 412 4526; x_wconf 83' lang='lat' dir='ltr'>quaesitum</span> <span class='ocrx_word' id='word_1_333' title='bbox 430 4455 645 4527; x_wconf 79' lang='lat' dir='ltr'>ambiguitatem</span> <span class='ocrx_word' id='word_1_334' title='bbox 663 4455 723 4526; x_wconf 82' lang='lat' dir='ltr'>ipsc</span> <span class='ocrx_word' id='word_1_335' title='bbox 742 4457 829 4526; x_wconf 88' lang='lat' dir='ltr'>poeta</span> <span class='ocrx_word' id='word_1_336' title='bbox 846 4454 968 4512; x_wconf 90' lang='lat' dir='ltr'>voluerit</span> <span class='ocrx_word' id='word_1_337' title='bbox 985 4457 1088 4512; x_wconf 84' lang='lat' dir='ltr'>fractos</span> <span class='ocrx_word' id='word_1_338' title='bbox 1105 4453 1233 4526; x_wconf 76' lang='lat' dir='ltr'>intellegi</span> <span class='ocrx_word' id='word_1_339' title='bbox 1252 4471 1270 4511; x_wconf 86' lang='lat' dir='ltr'>a</span> <span class='ocrx_word' id='word_1_340' title='bbox 1288 4457 1396 4525; x_wconf 82' lang='lat' dir='ltr'>specta·</span> 
     </span>
     <span class='ocr_line' id='line_1_40' title="bbox 255 4542 893 4616; baseline -0.003 -15"><span class='ocrx_word' id='word_1_341' title='bbox 255 4543 376 4601; x_wconf 83' lang='lat' dir='ltr'>toribus:</span> <span class='ocrx_word' id='word_1_342' title='bbox 394 4543 521 4615; x_wconf 77' lang='lat' dir='ltr'>argutius</span> <span class='ocrx_word' id='word_1_343' title='bbox 539 4545 608 4615; x_wconf 90' lang='lat' dir='ltr'>puto</span> <span class='ocrx_word' id='word_1_344' title='bbox 627 4561 712 4613; x_wconf 83' lang='lat' dir='ltr'>quam</span> <span class='ocrx_word' id='word_1_345' title='bbox 731 4542 893 4616; x_wconf 78' lang='lat' dir='ltr'>simplicius.</span> 
     </span>
    </p>
   </div>
   <div class='ocr_carea' id='block_1_6' title="bbox 0 0 1655 5114">
    <p class='ocr_par' dir='ltr' id='par_1_7' title="bbox 0 0 1655 5114">
     <span class='ocr_line' id='line_1_41' title="bbox 0 0 1655 5114; baseline 0 0"><span class='ocrx_word' id='word_1_346' title='bbox 0 0 1655 5114; x_wconf 95' lang='lat' dir='ltr'> </span> 
     </span>
    </p>
   </div>
  </div>
 </body>
</html>
