<?xml version="1.0" encoding="UTF-8"?>
<!DOCTYPE html PUBLIC "-//W3C//DTD XHTML 1.0 Transitional//EN"
    "http://www.w3.org/TR/xhtml1/DTD/xhtml1-transitional.dtd">
<html xmlns="http://www.w3.org/1999/xhtml" xml:lang="en" lang="en">
 <head>
  <title>
</title>
<meta http-equiv="Content-Type" content="text/html;charset=utf-8" />
  <meta name='ocr-system' content='tesseract 3.04.00' />
  <meta name='ocr-capabilities' content='ocr_page ocr_carea ocr_par ocr_line ocrx_word'/>
</head>
<body>
  <div class='ocr_page' id='page_1' title='image "./fridericiritsch09wachgoog_0119.png"; bbox 0 0 3228 5098; ppageno 0'>
   <div class='ocr_carea' id='block_1_1' title="bbox 314 365 1103 434">
    <p class='ocr_par' dir='ltr' id='par_1_1' title="bbox 314 365 1103 434">
     <span class='ocr_line' id='line_1_1' title="bbox 314 365 1103 434; baseline 0.004 -5"><span class='ocrx_word' id='word_1_1' title='bbox 314 365 357 429; x_wconf 76' lang='lat'><strong>94</strong></span> <span class='ocrx_word' id='word_1_2' title='bbox 660 384 1103 434; x_wconf 78' lang='lat' dir='ltr'><strong>a1o·aran1ocnnrn1scnus</strong></span> 
     </span>
    </p>
   </div>
   <div class='ocr_carea' id='block_1_2' title="bbox 279 523 1462 1682">
    <p class='ocr_par' dir='ltr' id='par_1_2' title="bbox 289 523 1462 1361">
     <span class='ocr_line' id='line_1_2' title="bbox 309 523 1461 614; baseline 0.002 -26"><span class='ocrx_word' id='word_1_3' title='bbox 309 524 439 591; x_wconf 58' lang='lat' dir='ltr'><strong>multos„</strong></span> <span class='ocrx_word' id='word_1_4' title='bbox 485 525 548 591; x_wconf 84' lang='lat' dir='ltr'><strong>Sed</strong></span> <span class='ocrx_word' id='word_1_5' title='bbox 577 526 652 610; x_wconf 94' lang='lat' dir='ltr'><strong>quid</strong></span> <span class='ocrx_word' id='word_1_6' title='bbox 680 527 772 592; x_wconf 84' lang='lat' dir='ltr'><strong>tum?</strong></span> <span class='ocrx_word' id='word_1_7' title='bbox 805 549 846 592; x_wconf 88' lang='lat' dir='ltr'><strong>cn</strong></span> <span class='ocrx_word' id='word_1_8' title='bbox 878 525 984 614; x_wconf 90' lang='lat' dir='ltr'><strong>(quod</strong></span> <span class='ocrx_word' id='word_1_9' title='bbox 1011 550 1090 612; x_wconf 88' lang='lat' dir='ltr'><strong>pace</strong></span> <span class='ocrx_word' id='word_1_10' title='bbox 1123 527 1260 592; x_wconf 91' lang='lat' dir='ltr'><strong>aliorum</strong></span> <span class='ocrx_word' id='word_1_11' title='bbox 1295 523 1461 612; x_wconf 84' lang='lat' dir='ltr'>dixerim)</span> 
     </span>
     <span class='ocr_line' id='line_1_3' title="bbox 308 631 1462 718; baseline 0.003 -23"><span class='ocrx_word' id='word_1_12' title='bbox 308 631 397 696; x_wconf 86' lang='lat' dir='ltr'><strong>solus</strong></span> <span class='ocrx_word' id='word_1_13' title='bbox 421 631 573 716; x_wconf 76' lang='lat' dir='ltr'>Baptista</span> <span class='ocrx_word' id='word_1_14' title='bbox 595 631 757 718; x_wconf 76' lang='lat' dir='ltr'>Egnatius</span> <span class='ocrx_word' id='word_1_15' title='bbox 779 633 1028 700; x_wconf 86' lang='lat' dir='ltr'><strong>inVenetorum</strong></span> <span class='ocrx_word' id='word_1_16' title='bbox 1052 635 1282 705; x_wconf 87' lang='lat' dir='ltr'><strong>florentissima</strong></span> <span class='ocrx_word' id='word_1_17' title='bbox 1305 635 1386 699; x_wconf 88' lang='lat' dir='ltr'><strong>urbe</strong></span> <span class='ocrx_word' id='word_1_18' title='bbox 1410 635 1462 698; x_wconf 89' lang='lat' dir='ltr'><strong>in·</strong></span> 
     </span>
     <span class='ocr_line' id='line_1_4' title="bbox 308 740 1460 826; baseline 0.001 -22"><span class='ocrx_word' id='word_1_19' title='bbox 308 743 424 804; x_wconf 88' lang='lat' dir='ltr'><strong>uentus</strong></span> <span class='ocrx_word' id='word_1_20' title='bbox 447 743 506 824; x_wconf 87' lang='lat' dir='ltr'><strong>cst,</strong></span> <span class='ocrx_word' id='word_1_21' title='bbox 530 740 586 824; x_wconf 92' lang='lat' dir='ltr'><strong>qui</strong></span> <span class='ocrx_word' id='word_1_22' title='bbox 609 741 718 826; x_wconf 80' lang='lat' dir='ltr'><strong>graeci</strong></span> <span class='ocrx_word' id='word_1_23' title='bbox 740 740 900 826; x_wconf 88' lang='lat' dir='ltr'><strong>latinique</strong></span> <span class='ocrx_word' id='word_1_24' title='bbox 923 741 1082 808; x_wconf 88' lang='lat' dir='ltr'><strong>sermonis</strong></span> <span class='ocrx_word' id='word_1_25' title='bbox 1105 742 1188 808; x_wconf 82' lang='lat' dir='ltr'><strong>mim</strong></span> <span class='ocrx_word' id='word_1_26' title='bbox 1210 740 1363 808; x_wconf 76' lang='lat' dir='ltr'><strong>facundia</strong></span> <span class='ocrx_word' id='word_1_27' title='bbox 1381 742 1460 806; x_wconf 89' lang='lat' dir='ltr'><strong>reli-</strong></span> 
     </span>
     <span class='ocr_line' id='line_1_5' title="bbox 308 847 1461 933; baseline 0.002 -21"><span class='ocrx_word' id='word_1_28' title='bbox 308 847 380 930; x_wconf 89' lang='lat' dir='ltr'><strong>quis</strong></span> <span class='ocrx_word' id='word_1_29' title='bbox 409 848 559 912; x_wconf 88' lang='lat' dir='ltr'><strong>omnibus</strong></span> <span class='ocrx_word' id='word_1_30' title='bbox 588 847 803 933; x_wconf 88' lang='lat' dir='ltr'><strong>praestabat’.</strong></span> <span class='ocrx_word' id='word_1_31' title='bbox 849 848 923 913; x_wconf 89' lang='lat' dir='ltr'><strong>Wir</strong></span> <span class='ocrx_word' id='word_1_32' title='bbox 949 849 1102 915; x_wconf 87' lang='lat' dir='ltr'><strong>kommen</strong></span> <span class='ocrx_word' id='word_1_33' title='bbox 1129 854 1231 914; x_wconf 89' lang='lat' dir='ltr'><strong>unten</strong></span> <span class='ocrx_word' id='word_1_34' title='bbox 1260 848 1379 914; x_wconf 83' lang='lat' dir='ltr'><strong>darauf</strong></span> <span class='ocrx_word' id='word_1_35' title='bbox 1404 872 1461 914; x_wconf 85' lang='lat' dir='ltr'><strong>au·</strong></span> 
     </span>
     <span class='ocr_line' id='line_1_6' title="bbox 289 953 1458 1040; baseline 0.002 -22"><span class='ocrx_word' id='word_1_36' title='bbox 289 955 396 1020; x_wconf 72' lang='lat' dir='ltr'><strong>ritck.</strong></span> <span class='ocrx_word' id='word_1_37' title='bbox 424 991 466 1002; x_wconf 90' lang='lat'><em>-</em></span> <span class='ocrx_word' id='word_1_38' title='bbox 495 954 596 1019; x_wconf 92' lang='lat' dir='ltr'><strong>Wohl</strong></span> <span class='ocrx_word' id='word_1_39' title='bbox 623 955 756 1021; x_wconf 86' lang='lat' dir='ltr'><strong>viermal</strong></span> <span class='ocrx_word' id='word_1_40' title='bbox 785 953 1046 1040; x_wconf 82' lang='lat' dir='ltr'><strong>umfangreicher</strong></span> <span class='ocrx_word' id='word_1_41' title='bbox 1072 958 1118 1022; x_wconf 86' lang='lat' dir='ltr'><strong>ist</strong></span> <span class='ocrx_word' id='word_1_42' title='bbox 1140 957 1197 1022; x_wconf 90' lang='lat' dir='ltr'><strong>der</strong></span> <span class='ocrx_word' id='word_1_43' title='bbox 1219 957 1332 1021; x_wconf 82' lang='lat' dir='ltr'><strong>aweite</strong></span> <span class='ocrx_word' id='word_1_44' title='bbox 1354 955 1458 1040; x_wconf 79' lang='lat' dir='ltr'><strong>Brief,</strong></span> 
     </span>
     <span class='ocr_line' id='line_1_7' title="bbox 308 1061 1457 1147; baseline 0.003 -22"><span class='ocrx_word' id='word_1_45' title='bbox 308 1061 365 1126; x_wconf 87' lang='lat' dir='ltr'><strong>der</strong></span> <span class='ocrx_word' id='word_1_46' title='bbox 393 1061 450 1126; x_wconf 90' lang='lat' dir='ltr'><strong>das</strong></span> <span class='ocrx_word' id='word_1_47' title='bbox 474 1061 596 1126; x_wconf 83' lang='lat' dir='ltr'><strong>Datum</strong></span> <span class='ocrx_word' id='word_1_48' title='bbox 623 1065 714 1147; x_wconf 71' lang='lat' dir='ltr'><strong>araga</strong></span> <span class='ocrx_word' id='word_1_49' title='bbox 736 1061 803 1128; x_wconf 76' lang='lat' dir='ltr'><strong>‘Ex</strong></span> <span class='ocrx_word' id='word_1_50' title='bbox 827 1061 1068 1147; x_wconf 80' lang='lat' dir='ltr'><strong>Wiescnsteiga</strong></span> <span class='ocrx_word' id='word_1_51' title='bbox 1089 1061 1172 1129; x_wconf 90' lang='lat' dir='ltr'>VIII</span> <span class='ocrx_word' id='word_1_52' title='bbox 1195 1062 1247 1126; x_wconf 92' lang='lat' dir='ltr'><strong>die</strong></span> <span class='ocrx_word' id='word_1_53' title='bbox 1271 1061 1401 1127; x_wconf 87' lang='lat' dir='ltr'><strong>Octobr.</strong></span> <span class='ocrx_word' id='word_1_54' title='bbox 1426 1085 1457 1128; x_wconf 87' lang='lat' dir='ltr'><strong>a.</strong></span> 
     </span>
     <span class='ocr_line' id='line_1_8' title="bbox 311 1166 1457 1253; baseline 0.001 -20"><span class='ocrx_word' id='word_1_55' title='bbox 311 1166 422 1253; x_wconf 79' lang='lat'><strong>1522’,</strong></span> <span class='ocrx_word' id='word_1_56' title='bbox 445 1169 509 1233; x_wconf 93' lang='lat' dir='ltr'><strong>und</strong></span> <span class='ocrx_word' id='word_1_57' title='bbox 532 1191 563 1253; x_wconf 91' lang='lat' dir='ltr'><strong>p.</strong></span> <span class='ocrx_word' id='word_1_58' title='bbox 578 1168 684 1233; x_wconf 81' lang='lat' dir='ltr'>291ff.</span> <span class='ocrx_word' id='word_1_59' title='bbox 709 1191 745 1232; x_wconf 89' lang='lat' dir='ltr'><strong>so</strong></span> <span class='ocrx_word' id='word_1_60' title='bbox 770 1167 1075 1233; x_wconf 85' lang='lat' dir='ltr'><strong>charakteristische</strong></span> <span class='ocrx_word' id='word_1_61' title='bbox 1094 1168 1181 1234; x_wconf 88' lang='lat' dir='ltr'><strong>Data</strong></span> <span class='ocrx_word' id='word_1_62' title='bbox 1204 1169 1285 1234; x_wconf 75' lang='lat' dir='ltr'><strong>iiber</strong></span> <span class='ocrx_word' id='word_1_63' title='bbox 1300 1169 1457 1234; x_wconf 87' lang='lat' dir='ltr'><strong>Werler&#39;s</strong></span> 
     </span>
     <span class='ocr_line' id='line_1_9' title="bbox 308 1274 1456 1361; baseline 0.001 -21"><span class='ocrx_word' id='word_1_64' title='bbox 308 1275 418 1341; x_wconf 89' lang='lat' dir='ltr'><strong>Leben</strong></span> <span class='ocrx_word' id='word_1_65' title='bbox 442 1276 578 1361; x_wconf 76' lang='lat' dir='ltr'><strong>enthult,</strong></span> <span class='ocrx_word' id='word_1_66' title='bbox 602 1276 677 1341; x_wconf 90' lang='lat' dir='ltr'><strong>dass</strong></span> <span class='ocrx_word' id='word_1_67' title='bbox 700 1275 753 1340; x_wconf 91' lang='lat' dir='ltr'><strong>ich</strong></span> <span class='ocrx_word' id='word_1_68' title='bbox 777 1297 810 1339; x_wconf 81' lang='lat' dir='ltr'><strong>er</strong></span> <span class='ocrx_word' id='word_1_69' title='bbox 830 1275 892 1340; x_wconf 91' lang='lat' dir='ltr'><strong>mir</strong></span> <span class='ocrx_word' id='word_1_70' title='bbox 910 1275 1002 1340; x_wconf 90' lang='lat' dir='ltr'><strong>nicht</strong></span> <span class='ocrx_word' id='word_1_71' title='bbox 1021 1276 1165 1340; x_wconf 87' lang='lat' dir='ltr'><strong>erlassen</strong></span> <span class='ocrx_word' id='word_1_72' title='bbox 1184 1274 1264 1360; x_wconf 76' lang='lat' dir='ltr'><strong>dans,</strong></span> <span class='ocrx_word' id='word_1_73' title='bbox 1287 1275 1456 1342; x_wconf 87' lang='lat' dir='ltr'><strong>dieselben</strong></span> 
     </span>
    </p>

    <p class='ocr_par' dir='ltr' id='par_1_3' title="bbox 279 1381 1456 1682">
     <span class='ocr_line' id='line_1_10' title="bbox 279 1381 1456 1468; baseline 0.002 -21"><span class='ocrx_word' id='word_1_74' title='bbox 279 1415 286 1426; x_wconf 82' lang='lat'><strong>·</strong></span> <span class='ocrx_word' id='word_1_75' title='bbox 308 1382 380 1448; x_wconf 92' lang='lat' dir='ltr'><strong>hier</strong></span> <span class='ocrx_word' id='word_1_76' title='bbox 402 1382 552 1449; x_wconf 78' lang='lat' dir='ltr'><strong>wdrtlich</strong></span> <span class='ocrx_word' id='word_1_77' title='bbox 574 1382 852 1468; x_wconf 83' lang='lat' dir='ltr'><strong>wiederzugeben,</strong></span> <span class='ocrx_word' id='word_1_78' title='bbox 884 1381 993 1446; x_wconf 90' lang='lat' dir='ltr'><strong>indem</strong></span> <span class='ocrx_word' id='word_1_79' title='bbox 1021 1381 1074 1446; x_wconf 88' lang='lat' dir='ltr'><strong>ich</strong></span> <span class='ocrx_word' id='word_1_80' title='bbox 1102 1381 1251 1466; x_wconf 82' lang='lat' dir='ltr'><strong>augleich</strong></span> <span class='ocrx_word' id='word_1_81' title='bbox 1279 1383 1456 1467; x_wconf 88' lang='lat' dir='ltr'><strong>bequemer</strong></span> 
     </span>
     <span class='ocr_line' id='line_1_11' title="bbox 308 1487 1453 1574; baseline 0.002 -20"><span class='ocrx_word' id='word_1_82' title='bbox 308 1487 501 1554; x_wconf 89' lang='lat' dir='ltr'><strong>Uebersicht</strong></span> <span class='ocrx_word' id='word_1_83' title='bbox 519 1489 633 1554; x_wconf 89' lang='lat' dir='ltr'><strong>halber</strong></span> <span class='ocrx_word' id='word_1_84' title='bbox 647 1489 699 1554; x_wconf 93' lang='lat' dir='ltr'><strong>die</strong></span> <span class='ocrx_word' id='word_1_85' title='bbox 718 1488 985 1573; x_wconf 83' lang='lat' dir='ltr'><strong>helangreichern</strong></span> <span class='ocrx_word' id='word_1_86' title='bbox 1001 1487 1125 1554; x_wconf 86' lang='lat' dir='ltr'><strong>Stellen</strong></span> <span class='ocrx_word' id='word_1_87' title='bbox 1143 1493 1293 1574; x_wconf 80' lang='lat' dir='ltr'><strong>gesperrt</strong></span> <span class='ocrx_word' id='word_1_88' title='bbox 1311 1491 1453 1556; x_wconf 87' lang='lat' dir='ltr'><strong>drucken</strong></span> 
     </span>
     <span class='ocr_line' id='line_1_12' title="bbox 307 1593 1202 1682; baseline 0 -22"><span class='ocrx_word' id='word_1_89' title='bbox 307 1597 402 1682; x_wconf 85' lang='lat' dir='ltr'><strong>lasse,</strong></span> <span class='ocrx_word' id='word_1_90' title='bbox 424 1619 490 1662; x_wconf 87' lang='lat' dir='ltr'><strong>was</strong></span> <span class='ocrx_word' id='word_1_91' title='bbox 515 1596 562 1662; x_wconf 86' lang='lat' dir='ltr'><strong>sio</strong></span> <span class='ocrx_word' id='word_1_92' title='bbox 584 1595 744 1660; x_wconf 78' lang='lat' dir='ltr'><strong>natiirlich</strong></span> <span class='ocrx_word' id='word_1_93' title='bbox 768 1595 813 1658; x_wconf 89' lang='lat' dir='ltr'><strong>im</strong></span> <span class='ocrx_word' id='word_1_94' title='bbox 836 1593 985 1679; x_wconf 87' lang='lat' dir='ltr'><strong>Original</strong></span> <span class='ocrx_word' id='word_1_95' title='bbox 1007 1594 1100 1660; x_wconf 89' lang='lat' dir='ltr'><strong>nicht</strong></span> <span class='ocrx_word' id='word_1_96' title='bbox 1122 1595 1202 1660; x_wconf 91' lang='lat' dir='ltr'><strong>sind.</strong></span> 
     </span>
    </p>
   </div>
   <div class='ocr_carea' id='block_1_3' title="bbox 256 1809 1500 4571">
    <p class='ocr_par' dir='ltr' id='par_1_4' title="bbox 256 1809 1500 4571">
     <span class='ocr_line' id='line_1_13' title="bbox 397 1809 1454 1895; baseline 0.005 -21"><span class='ocrx_word' id='word_1_97' title='bbox 397 1833 413 1874; x_wconf 86' lang='lat'><strong>‹&lt;</strong></span> <span class='ocrx_word' id='word_1_98' title='bbox 437 1861 586 1877; x_wconf 92' lang='grc'><strong>.....</strong></span> <span class='ocrx_word' id='word_1_99' title='bbox 613 1809 701 1895; x_wconf 82' lang='lat' dir='ltr'><strong>Ego,</strong></span> <span class='ocrx_word' id='word_1_100' title='bbox 731 1810 760 1874; x_wconf 88' lang='lat' dir='ltr'><strong>si</strong></span> <span class='ocrx_word' id='word_1_101' title='bbox 783 1809 865 1876; x_wconf 89' lang='lat' dir='ltr'><strong>scire</strong></span> <span class='ocrx_word' id='word_1_102' title='bbox 889 1810 995 1893; x_wconf 81' lang='lat' dir='ltr'><strong>capia,</strong></span> <span class='ocrx_word' id='word_1_103' title='bbox 1024 1810 1162 1874; x_wconf 88' lang='lat' dir='ltr'><strong>alterum</strong></span> <span class='ocrx_word' id='word_1_104' title='bbox 1185 1811 1286 1876; x_wconf 86' lang='lat' dir='ltr'><strong>ferme</strong></span> <span class='ocrx_word' id='word_1_105' title='bbox 1309 1835 1454 1878; x_wconf 86' lang='lat' dir='ltr'><strong>mensem</strong></span> 
     </span>
     <span class='ocr_line' id='line_1_14' title="bbox 308 1916 1454 2004; baseline 0 -20"><span class='ocrx_word' id='word_1_106' title='bbox 308 1920 476 1985; x_wconf 88' lang='lat' dir='ltr'><strong>uenatioui</strong></span> <span class='ocrx_word' id='word_1_107' title='bbox 502 1920 549 1982; x_wconf 89' lang='lat' dir='ltr'><strong>ita</strong></span> <span class='ocrx_word' id='word_1_108' title='bbox 572 1923 701 1982; x_wconf 87' lang='lat' dir='ltr'><strong>strenue</strong></span> <span class='ocrx_word' id='word_1_109' title='bbox 729 1916 777 1980; x_wconf 88' lang='lat' dir='ltr'><strong>fui</strong></span> <span class='ocrx_word' id='word_1_110' title='bbox 800 1917 942 2000; x_wconf 88' lang='lat' dir='ltr'><strong>deditus,</strong></span> <span class='ocrx_word' id='word_1_111' title='bbox 975 1917 1023 1982; x_wconf 89' lang='lat' dir='ltr'><strong>ita</strong></span> <span class='ocrx_word' id='word_1_112' title='bbox 1050 1917 1085 1980; x_wconf 90' lang='lat' dir='ltr'><strong>in</strong></span> <span class='ocrx_word' id='word_1_113' title='bbox 1113 1939 1208 2001; x_wconf 88' lang='lat' dir='ltr'><strong>opere</strong></span> <span class='ocrx_word' id='word_1_114' title='bbox 1237 1919 1359 2004; x_wconf 82' lang='lat' dir='ltr'><strong>alioqui</strong></span> <span class='ocrx_word' id='word_1_115' title='bbox 1387 1943 1454 1986; x_wconf 91' lang='lat' dir='ltr'><strong>non</strong></span> 
     </span>
     <span class='ocr_line' id='line_1_15' title="bbox 256 2011 1454 2109; baseline 0.003 -21"><span class='ocrx_word' id='word_1_116' title='bbox 256 2050 295 2088; x_wconf 74' lang='lat' dir='ltr'><strong>nr</strong></span> <span class='ocrx_word' id='word_1_117' title='bbox 308 2011 481 2091; x_wconf 78' lang='lat' dir='ltr'><strong>iniucunda</strong></span> <span class='ocrx_word' id='word_1_118' title='bbox 506 2025 652 2108; x_wconf 87' lang='lat' dir='ltr'><strong>detritus,</strong></span> <span class='ocrx_word' id='word_1_119' title='bbox 675 2028 713 2088; x_wconf 90' lang='lat' dir='ltr'><strong>ut</strong></span> <span class='ocrx_word' id='word_1_120' title='bbox 734 2047 833 2108; x_wconf 90' lang='lat' dir='ltr'><strong>quum</strong></span> <span class='ocrx_word' id='word_1_121' title='bbox 857 2024 1003 2109; x_wconf 84' lang='lat' dir='ltr'><strong>singulas</strong></span> <span class='ocrx_word' id='word_1_122' title='bbox 1026 2046 1079 2088; x_wconf 87' lang='lat' dir='ltr'><strong>res</strong></span> <span class='ocrx_word' id='word_1_123' title='bbox 1102 2024 1292 2108; x_wconf 84' lang='lat' dir='ltr'><strong>diligentius</strong></span> <span class='ocrx_word' id='word_1_124' title='bbox 1311 2031 1454 2092; x_wconf 90' lang='lat' dir='ltr'><strong>contem·</strong></span> 
     </span>
     <span class='ocr_line' id='line_1_16' title="bbox 308 2120 1455 2219; baseline 0 -21"><span class='ocrx_word' id='word_1_125' title='bbox 308 2120 383 2217; x_wconf 89' lang='lat' dir='ltr'><strong>plor</strong></span> <span class='ocrx_word' id='word_1_126' title='bbox 405 2154 598 2217; x_wconf 87' lang='lat' dir='ltr'><strong>manumque</strong></span> <span class='ocrx_word' id='word_1_127' title='bbox 622 2129 712 2214; x_wconf 88' lang='lat' dir='ltr'><strong>operi</strong></span> <span class='ocrx_word' id='word_1_128' title='bbox 734 2151 978 2214; x_wconf 79' lang='lat' dir='ltr'><strong>nonnumquam</strong></span> <span class='ocrx_word' id='word_1_129' title='bbox 1002 2129 1151 2213; x_wconf 81' lang='lat' dir='ltr'><strong>adhibeo,</strong></span> <span class='ocrx_word' id='word_1_130' title='bbox 1173 2129 1295 2196; x_wconf 86' lang='lat' dir='ltr'><strong>factum</strong></span> <span class='ocrx_word' id='word_1_131' title='bbox 1320 2135 1371 2196; x_wconf 88' lang='lat' dir='ltr'><strong>est</strong></span> <span class='ocrx_word' id='word_1_132' title='bbox 1393 2131 1455 2219; x_wconf 84' lang='lat' dir='ltr'><strong>(so)</strong></span> 
     </span>
     <span class='ocr_line' id='line_1_17' title="bbox 309 2238 1455 2323; baseline -0.001 -18"><span class='ocrx_word' id='word_1_133' title='bbox 309 2245 346 2304; x_wconf 88' lang='lat' dir='ltr'><strong>ut</strong></span> <span class='ocrx_word' id='word_1_134' title='bbox 382 2243 517 2305; x_wconf 84' lang='lat' dir='ltr'><strong>uenator</strong></span> <span class='ocrx_word' id='word_1_135' title='bbox 553 2239 615 2303; x_wconf 86' lang='lat' dir='ltr'><strong>sim</strong></span> <span class='ocrx_word' id='word_1_136' title='bbox 652 2239 717 2303; x_wconf 90' lang='lat' dir='ltr'><strong>iam</strong></span> <span class='ocrx_word' id='word_1_137' title='bbox 754 2259 854 2322; x_wconf 84' lang='lat' dir='ltr'><strong>prope</strong></span> <span class='ocrx_word' id='word_1_138' title='bbox 892 2239 1023 2302; x_wconf 89' lang='lat' dir='ltr'><strong>modum</strong></span> <span class='ocrx_word' id='word_1_139' title='bbox 1056 2238 1159 2302; x_wconf 91' lang='lat' dir='ltr'><strong>bonus</strong></span> <span class='ocrx_word' id='word_1_140' title='bbox 1193 2243 1226 2302; x_wconf 89' lang='lat' dir='ltr'><strong>et</strong></span> <span class='ocrx_word' id='word_1_141' title='bbox 1258 2261 1356 2323; x_wconf 87' lang='lat' dir='ltr'><strong>eques</strong></span> <span class='ocrx_word' id='word_1_142' title='bbox 1388 2262 1455 2306; x_wconf 89' lang='lat' dir='ltr'><strong>non</strong></span> 
     </span>
     <span class='ocr_line' id='line_1_18' title="bbox 309 2345 1455 2432; baseline -0.002 -20"><span class='ocrx_word' id='word_1_143' title='bbox 309 2347 443 2413; x_wconf 90' lang='lat' dir='ltr'><strong>omnino</strong></span> <span class='ocrx_word' id='word_1_144' title='bbox 457 2347 625 2432; x_wconf 85' lang='lat' dir='ltr'><strong>pessimus.</strong></span> <span class='ocrx_word' id='word_1_145' title='bbox 663 2345 762 2410; x_wconf 84' lang='lat' dir='ltr'><strong>Rides</strong></span> <span class='ocrx_word' id='word_1_146' title='bbox 776 2349 814 2410; x_wconf 91' lang='lat' dir='ltr'><strong>tu</strong></span> <span class='ocrx_word' id='word_1_147' title='bbox 831 2345 980 2430; x_wconf 84' lang='lat' dir='ltr'><strong>fortasse,</strong></span> <span class='ocrx_word' id='word_1_148' title='bbox 1003 2345 1079 2410; x_wconf 89' lang='lat' dir='ltr'><strong>dum</strong></span> <span class='ocrx_word' id='word_1_149' title='bbox 1099 2367 1137 2410; x_wconf 88' lang='lat' dir='ltr'><strong>ea</strong></span> <span class='ocrx_word' id='word_1_150' title='bbox 1155 2347 1248 2431; x_wconf 82' lang='lat' dir='ltr'><strong>legis,</strong></span> <span class='ocrx_word' id='word_1_151' title='bbox 1271 2349 1306 2412; x_wconf 88' lang='lat' dir='ltr'><strong>at</strong></span> <span class='ocrx_word' id='word_1_152' title='bbox 1323 2347 1455 2430; x_wconf 85' lang='lat' dir='ltr'><strong>rideres,</strong></span> 
     </span>
     <span class='ocr_line' id='line_1_19' title="bbox 309 2452 1454 2539; baseline 0.003 -22"><span class='ocrx_word' id='word_1_153' title='bbox 309 2457 360 2518; x_wconf 89' lang='lat' dir='ltr'><strong>sat</strong></span> <span class='ocrx_word' id='word_1_154' title='bbox 389 2456 470 2537; x_wconf 90' lang='lat' dir='ltr'><strong>scio,</strong></span> <span class='ocrx_word' id='word_1_155' title='bbox 502 2455 605 2519; x_wconf 90' lang='lat' dir='ltr'><strong>multo</strong></span> <span class='ocrx_word' id='word_1_156' title='bbox 636 2457 734 2520; x_wconf 89' lang='lat' dir='ltr'><strong>etiam</strong></span> <span class='ocrx_word' id='word_1_157' title='bbox 764 2454 884 2539; x_wconf 84' lang='lat' dir='ltr'><strong>magis,</strong></span> <span class='ocrx_word' id='word_1_158' title='bbox 916 2454 944 2518; x_wconf 89' lang='lat' dir='ltr'><strong>si</strong></span> <span class='ocrx_word' id='word_1_159' title='bbox 974 2475 1026 2519; x_wconf 88' lang='lat' dir='ltr'><strong>me</strong></span> <span class='ocrx_word' id='word_1_160' title='bbox 1054 2475 1137 2538; x_wconf 90' lang='lat' dir='ltr'><strong>equo</strong></span> <span class='ocrx_word' id='word_1_161' title='bbox 1165 2452 1304 2537; x_wconf 78' lang='lat' dir='ltr'><strong>impigre</strong></span> <span class='ocrx_word' id='word_1_162' title='bbox 1331 2456 1454 2520; x_wconf 87' lang='lat' dir='ltr'><strong>terram</strong></span> 
     </span>
     <span class='ocr_line' id='line_1_20' title="bbox 308 2560 1454 2646; baseline 0.002 -22"><span class='ocrx_word' id='word_1_163' title='bbox 308 2560 442 2645; x_wconf 89' lang='lat' dir='ltr'><strong>pedibus</strong></span> <span class='ocrx_word' id='word_1_164' title='bbox 470 2561 666 2626; x_wconf 83' lang='lat' dir='ltr'><strong>concutienti</strong></span> <span class='ocrx_word' id='word_1_165' title='bbox 694 2561 902 2644; x_wconf 82' lang='lat' dir='ltr'><strong>insidentem,</strong></span> <span class='ocrx_word' id='word_1_166' title='bbox 937 2581 1130 2644; x_wconf 87' lang='lat' dir='ltr'><strong>ceruumque</strong></span> <span class='ocrx_word' id='word_1_167' title='bbox 1158 2560 1253 2644; x_wconf 90' lang='lat' dir='ltr'><strong>pleno</strong></span> <span class='ocrx_word' id='word_1_168' title='bbox 1277 2583 1372 2626; x_wconf 85' lang='lat' dir='ltr'><strong>cursu</strong></span> <span class='ocrx_word' id='word_1_169' title='bbox 1396 2584 1454 2646; x_wconf 91' lang='lat' dir='ltr'><strong>per</strong></span> 
     </span>
     <span class='ocr_line' id='line_1_21' title="bbox 308 2664 1453 2753; baseline 0.001 -21"><span class='ocrx_word' id='word_1_170' title='bbox 308 2668 398 2732; x_wconf 89' lang='lat' dir='ltr'><strong>inuia</strong></span> <span class='ocrx_word' id='word_1_171' title='bbox 421 2688 564 2753; x_wconf 87' lang='lat' dir='ltr'><strong>quaeque</strong></span> <span class='ocrx_word' id='word_1_172' title='bbox 588 2667 810 2751; x_wconf 75' lang='lat' dir='ltr'><strong>insequentem</strong></span> <span class='ocrx_word' id='word_1_173' title='bbox 833 2665 969 2731; x_wconf 88' lang='lat' dir='ltr'><strong>uideres.</strong></span> <span class='ocrx_word' id='word_1_174' title='bbox 1016 2664 1086 2741; x_wconf 84' lang='lat' dir='ltr'><strong>Quo</strong></span> <span class='ocrx_word' id='word_1_175' title='bbox 1110 2665 1211 2729; x_wconf 89' lang='lat' dir='ltr'><strong>animi</strong></span> <span class='ocrx_word' id='word_1_176' title='bbox 1234 2669 1327 2730; x_wconf 87' lang='lat' dir='ltr'><strong>aestu</strong></span> <span class='ocrx_word' id='word_1_177' title='bbox 1349 2690 1453 2733; x_wconf 89' lang='lat' dir='ltr'><strong>reue-</strong></span> 
     </span>
     <span class='ocr_line' id='line_1_22' title="bbox 308 2771 1452 2858; baseline 0.002 -20"><span class='ocrx_word' id='word_1_178' title='bbox 308 2773 534 2840; x_wconf 89' lang='lat' dir='ltr'><strong>rendissimi</strong></span> <span class='ocrx_word' id='word_1_179' title='bbox 568 2771 867 2858; x_wconf 85' lang='lat' dir='ltr'><strong>Bambergensis</strong></span> <span class='ocrx_word' id='word_1_180' title='bbox 905 2773 1095 2836; x_wconf 85' lang='lat' dir='ltr'><strong>ecclesiae</strong></span> <span class='ocrx_word' id='word_1_181' title='bbox 1133 2773 1224 2836; x_wconf 93' lang='lat' dir='ltr'><strong>olim</strong></span> <span class='ocrx_word' id='word_1_182' title='bbox 1255 2776 1452 2857; x_wconf 86' lang='lat' dir='ltr'><strong>praesulis</strong></span> 
     </span>
     <span class='ocr_line' id='line_1_23' title="bbox 308 2879 1453 2965; baseline -0.001 -18"><span class='ocrx_word' id='word_1_183' title='bbox 308 2885 470 2947; x_wconf 86' lang='lat' dir='ltr'><strong>mortem</strong></span> <span class='ocrx_word' id='word_1_184' title='bbox 501 2881 706 2965; x_wconf 79' lang='lat' dir='ltr'><strong>pertulerim,</strong></span> <span class='ocrx_word' id='word_1_185' title='bbox 733 2882 879 2954; x_wconf 79' lang='lat' dir='ltr'><strong>tutante</strong></span> <span class='ocrx_word' id='word_1_186' title='bbox 903 2879 1002 2944; x_wconf 89' lang='lat' dir='ltr'><strong>etiam</strong></span> <span class='ocrx_word' id='word_1_187' title='bbox 1025 2882 1152 2944; x_wconf 88' lang='lat' dir='ltr'><strong>tacente</strong></span> <span class='ocrx_word' id='word_1_188' title='bbox 1175 2881 1326 2964; x_wconf 86' lang='lat' dir='ltr'><strong>consequi</strong></span> <span class='ocrx_word' id='word_1_189' title='bbox 1350 2885 1453 2964; x_wconf 87' lang='lat' dir='ltr'><strong>potes.</strong></span> 
     </span>
     <span class='ocr_line' id='line_1_24' title="bbox 308 2985 1453 3072; baseline 0.002 -20"><span class='ocrx_word' id='word_1_190' title='bbox 308 2989 422 3052; x_wconf 81' lang='lat' dir='ltr'><strong>Eram</strong></span> <span class='ocrx_word' id='word_1_191' title='bbox 445 2994 537 3052; x_wconf 90' lang='lat' dir='ltr'><strong>tunc</strong></span> <span class='ocrx_word' id='word_1_192' title='bbox 555 2986 742 3070; x_wconf 81' lang='lat' dir='ltr'><strong>Viennae,</strong></span> <span class='ocrx_word' id='word_1_193' title='bbox 764 2986 847 3052; x_wconf 92' lang='lat' dir='ltr'><strong>nulli</strong></span> <span class='ocrx_word' id='word_1_194' title='bbox 870 2985 987 3070; x_wconf 89' lang='lat' dir='ltr'><strong>minus,</strong></span> <span class='ocrx_word' id='word_1_195' title='bbox 1009 3008 1106 3070; x_wconf 90' lang='lat' dir='ltr'><strong>quam</strong></span> <span class='ocrx_word' id='word_1_196' title='bbox 1130 2985 1206 3050; x_wconf 92' lang='lat' dir='ltr'><strong>huic</strong></span> <span class='ocrx_word' id='word_1_197' title='bbox 1229 2986 1277 3050; x_wconf 91' lang='lat' dir='ltr'><strong>rei</strong></span> <span class='ocrx_word' id='word_1_198' title='bbox 1299 2987 1453 3072; x_wconf 89' lang='lat' dir='ltr'><strong>intentus,</strong></span> 
     </span>
     <span class='ocr_line' id='line_1_25' title="bbox 309 3091 1452 3176; baseline -0.002 -17"><span class='ocrx_word' id='word_1_199' title='bbox 309 3098 394 3159; x_wconf 88' lang='lat' dir='ltr'><strong>ecce!</strong></span> <span class='ocrx_word' id='word_1_200' title='bbox 426 3095 563 3160; x_wconf 88' lang='lat' dir='ltr'><strong>nuncius</strong></span> <span class='ocrx_word' id='word_1_201' title='bbox 592 3093 698 3176; x_wconf 88' lang='lat' dir='ltr'><strong>adest,</strong></span> <span class='ocrx_word' id='word_1_202' title='bbox 729 3093 818 3156; x_wconf 86' lang='lat' dir='ltr'><strong>illius</strong></span> <span class='ocrx_word' id='word_1_203' title='bbox 842 3095 981 3156; x_wconf 89' lang='lat' dir='ltr'><strong>mortem</strong></span> <span class='ocrx_word' id='word_1_204' title='bbox 1005 3095 1038 3156; x_wconf 88' lang='lat' dir='ltr'><strong>et</strong></span> <span class='ocrx_word' id='word_1_205' title='bbox 1060 3113 1132 3157; x_wconf 92' lang='lat' dir='ltr'><strong>eam</strong></span> <span class='ocrx_word' id='word_1_206' title='bbox 1156 3091 1287 3176; x_wconf 86' lang='lat' dir='ltr'><strong>quidem</strong></span> <span class='ocrx_word' id='word_1_207' title='bbox 1311 3105 1349 3157; x_wconf 82' lang='lat' dir='ltr'><strong>ex</strong></span> <span class='ocrx_word' id='word_1_208' title='bbox 1373 3094 1452 3159; x_wconf 92' lang='lat' dir='ltr'><strong>inci-</strong></span> 
     </span>
     <span class='ocr_line' id='line_1_26' title="bbox 259 3199 1452 3288; baseline -0.002 -20"><span class='ocrx_word' id='word_1_209' title='bbox 259 3283 261 3286; x_wconf 20' lang='lat'>·</span> <span class='ocrx_word' id='word_1_210' title='bbox 309 3203 398 3268; x_wconf 89' lang='lat' dir='ltr'><strong>sione</strong></span> <span class='ocrx_word' id='word_1_211' title='bbox 421 3203 535 3267; x_wconf 92' lang='lat' dir='ltr'><strong>nobis</strong></span> <span class='ocrx_word' id='word_1_212' title='bbox 559 3201 765 3288; x_wconf 85' lang='lat' dir='ltr'><strong>significauit.</strong></span> <span class='ocrx_word' id='word_1_213' title='bbox 813 3199 882 3276; x_wconf 80' lang='lat' dir='ltr'><strong>Quo</strong></span> <span class='ocrx_word' id='word_1_214' title='bbox 907 3201 962 3264; x_wconf 91' lang='lat' dir='ltr'><strong>alii</strong></span> <span class='ocrx_word' id='word_1_215' title='bbox 987 3200 1095 3264; x_wconf 89' lang='lat' dir='ltr'><strong>animo</strong></span> <span class='ocrx_word' id='word_1_216' title='bbox 1119 3199 1252 3282; x_wconf 75' lang='lat' dir='ltr'><strong>tuerint,</strong></span> <span class='ocrx_word' id='word_1_217' title='bbox 1279 3199 1362 3265; x_wconf 92' lang='lat' dir='ltr'><strong>nihil</strong></span> <span class='ocrx_word' id='word_1_218' title='bbox 1387 3223 1452 3266; x_wconf 90' lang='lat' dir='ltr'><strong>mo·</strong></span> 
     </span>
     <span class='ocr_line' id='line_1_27' title="bbox 310 3305 1452 3394; baseline 0 -20"><span class='ocrx_word' id='word_1_219' title='bbox 310 3331 387 3374; x_wconf 91' lang='lat' dir='ltr'><strong>ueor</strong></span> <span class='ocrx_word' id='word_1_220' title='bbox 409 3329 479 3394; x_wconf 82' lang='lat' dir='ltr'><strong>ego,</strong></span> <span class='ocrx_word' id='word_1_221' title='bbox 503 3309 547 3373; x_wconf 87' lang='lat' dir='ltr'><strong>sit</strong></span> <span class='ocrx_word' id='word_1_222' title='bbox 569 3331 628 3392; x_wconf 89' lang='lat' dir='ltr'><strong>per</strong></span> <span class='ocrx_word' id='word_1_223' title='bbox 651 3329 702 3372; x_wconf 92' lang='lat' dir='ltr'><strong>me</strong></span> <span class='ocrx_word' id='word_1_224' title='bbox 726 3329 819 3371; x_wconf 85' lang='lat' dir='ltr'><strong>suum</strong></span> <span class='ocrx_word' id='word_1_225' title='bbox 842 3307 955 3390; x_wconf 85' lang='lat' dir='ltr'><strong>cuique</strong></span> <span class='ocrx_word' id='word_1_226' title='bbox 974 3305 1161 3390; x_wconf 85' lang='lat' dir='ltr'><strong>pulchrum;</strong></span> <span class='ocrx_word' id='word_1_227' title='bbox 1183 3328 1235 3370; x_wconf 89' lang='lat' dir='ltr'><strong>me</strong></span> <span class='ocrx_word' id='word_1_228' title='bbox 1254 3311 1340 3371; x_wconf 85' lang='lat' dir='ltr'><strong>certe</strong></span> <span class='ocrx_word' id='word_1_229' title='bbox 1358 3311 1452 3374; x_wconf 82' lang='lat' dir='ltr'><strong>tanto</strong></span> 
     </span>
     <span class='ocr_line' id='line_1_28' title="bbox 309 3413 1451 3500; baseline -0.002 -20"><span class='ocrx_word' id='word_1_230' title='bbox 309 3416 420 3480; x_wconf 87' lang='lat' dir='ltr'><strong>dolore</strong></span> <span class='ocrx_word' id='word_1_231' title='bbox 444 3415 564 3500; x_wconf 86' lang='lat' dir='ltr'><strong>affecit,</strong></span> <span class='ocrx_word' id='word_1_232' title='bbox 596 3419 634 3478; x_wconf 92' lang='lat' dir='ltr'><strong>ut</strong></span> <span class='ocrx_word' id='word_1_233' title='bbox 660 3414 916 3480; x_wconf 73' lang='lat' dir='ltr'><strong>consolationem</strong></span> <span class='ocrx_word' id='word_1_234' title='bbox 942 3413 1011 3478; x_wconf 86' lang='lat' dir='ltr'><strong>fere</strong></span> <span class='ocrx_word' id='word_1_235' title='bbox 1034 3413 1159 3478; x_wconf 92' lang='lat' dir='ltr'><strong>nullam</strong></span> <span class='ocrx_word' id='word_1_236' title='bbox 1182 3434 1287 3478; x_wconf 87' lang='lat' dir='ltr'><strong>essem</strong></span> <span class='ocrx_word' id='word_1_237' title='bbox 1310 3414 1451 3498; x_wconf 88' lang='lat' dir='ltr'><strong>aliquam</strong></span> 
     </span>
     <span class='ocr_line' id='line_1_29' title="bbox 309 3517 1450 3606; baseline -0.002 -18"><span class='ocrx_word' id='word_1_238' title='bbox 309 3523 365 3588; x_wconf 89' lang='lat' dir='ltr'><strong>diu</strong></span> <span class='ocrx_word' id='word_1_239' title='bbox 388 3522 596 3588; x_wconf 74' lang='lat' dir='ltr'><strong>admissurus.</strong></span> <span class='ocrx_word' id='word_1_240' title='bbox 642 3521 688 3586; x_wconf 77' lang='lat' dir='ltr'><strong>nt</strong></span> <span class='ocrx_word' id='word_1_241' title='bbox 710 3521 789 3606; x_wconf 91' lang='lat' dir='ltr'><strong>quid</strong></span> <span class='ocrx_word' id='word_1_242' title='bbox 811 3522 848 3585; x_wconf 91' lang='lat' dir='ltr'><strong>ni</strong></span> <span class='ocrx_word' id='word_1_243' title='bbox 871 3520 1028 3604; x_wconf 90' lang='lat' dir='ltr'><strong>dolerem,</strong></span> <span class='ocrx_word' id='word_1_244' title='bbox 1052 3517 1214 3584; x_wconf 87' lang='lat' dir='ltr'><strong>Bilibalde</strong></span> <span class='ocrx_word' id='word_1_245' title='bbox 1236 3520 1307 3584; x_wconf 85' lang='lat' dir='ltr'><strong>mi?</strong></span> <span class='ocrx_word' id='word_1_246' title='bbox 1339 3543 1450 3586; x_wconf 86' lang='lat' dir='ltr'><strong>onera·</strong></span> 
     </span>
     <span class='ocr_line' id='line_1_30' title="bbox 309 3625 1451 3715; baseline -0.003 -19"><span class='ocrx_word' id='word_1_247' title='bbox 309 3635 402 3696; x_wconf 89' lang='lat' dir='ltr'><strong>uerat</strong></span> <span class='ocrx_word' id='word_1_248' title='bbox 419 3631 474 3696; x_wconf 88' lang='lat' dir='ltr'><strong>ille</strong></span> <span class='ocrx_word' id='word_1_249' title='bbox 493 3653 544 3696; x_wconf 92' lang='lat' dir='ltr'><strong>me</strong></span> <span class='ocrx_word' id='word_1_250' title='bbox 562 3628 723 3715; x_wconf 84' lang='lat' dir='ltr'><strong>quondam</strong></span> <span class='ocrx_word' id='word_1_251' title='bbox 748 3627 966 3694; x_wconf 75' lang='lat' dir='ltr'><strong>Immodicis</strong></span> <span class='ocrx_word' id='word_1_252' title='bbox 989 3627 1211 3712; x_wconf 85' lang='lat' dir='ltr'><strong>promissie,</strong></span> <span class='ocrx_word' id='word_1_253' title='bbox 1235 3630 1277 3691; x_wconf 91' lang='lat' dir='ltr'><strong>ut</strong></span> <span class='ocrx_word' id='word_1_254' title='bbox 1299 3625 1451 3712; x_wconf 81' lang='lat' dir='ltr'><strong>Oarolo,</strong></span> 
     </span>
     <span class='ocr_line' id='line_1_31' title="bbox 309 3733 1452 3820; baseline -0.003 -18"><span class='ocrx_word' id='word_1_255' title='bbox 309 3739 421 3802; x_wconf 92' lang='lat' dir='ltr'><strong>illius</strong></span> <span class='ocrx_word' id='word_1_256' title='bbox 452 3761 495 3803; x_wconf 85' lang='lat' dir='ltr'><strong>ex</strong></span> <span class='ocrx_word' id='word_1_257' title='bbox 526 3757 662 3802; x_wconf 88' lang='lat' dir='ltr'><strong>sorore</strong></span> <span class='ocrx_word' id='word_1_258' title='bbox 691 3735 841 3820; x_wconf 77' lang='lat' dir='ltr'><strong>nepoti,</strong></span> <span class='ocrx_word' id='word_1_259' title='bbox 871 3733 1096 3820; x_wconf 74' lang='lat' dir='ltr'><strong>quocunque</strong></span> <span class='ocrx_word' id='word_1_260' title='bbox 1126 3733 1452 3817; x_wconf 86' lang='lat' dir='ltr'><strong>proficisceretur</strong></span> 
     </span>
     <span class='ocr_line' id='line_1_32' title="bbox 310 3839 1452 3929; baseline -0.004 -19"><span class='ocrx_word' id='word_1_261' title='bbox 310 3845 527 3910; x_wconf 89' lang='lat' dir='ltr'><strong>studiorum</strong></span> <span class='ocrx_word' id='word_1_262' title='bbox 557 3843 688 3929; x_wconf 82' lang='lat' dir='ltr'><strong>gratia</strong></span> <span class='ocrx_word' id='word_1_263' title='bbox 711 3841 771 3907; x_wconf 88' lang='lat' dir='ltr'><strong>uel</strong></span> <span class='ocrx_word' id='word_1_264' title='bbox 796 3842 974 3906; x_wconf 87' lang='lat' dir='ltr'><strong>comitem</strong></span> <span class='ocrx_word' id='word_1_265' title='bbox 1003 3841 1063 3905; x_wconf 90' lang='lat' dir='ltr'><strong>uel</strong></span> <span class='ocrx_word' id='word_1_266' title='bbox 1088 3839 1217 3905; x_wconf 89' lang='lat' dir='ltr'><strong>ducem</strong></span> <span class='ocrx_word' id='word_1_267' title='bbox 1241 3841 1373 3924; x_wconf 89' lang='lat' dir='ltr'><strong>potius</strong></span> <span class='ocrx_word' id='word_1_268' title='bbox 1397 3864 1452 3906; x_wconf 90' lang='lat' dir='ltr'><strong>me</strong></span> 
     </span>
     <span class='ocr_line' id='line_1_33' title="bbox 310 3947 1500 4038; baseline -0.004 -20"><span class='ocrx_word' id='word_1_269' title='bbox 310 3955 436 4038; x_wconf 92' lang='lat' dir='ltr'><strong>ipsum</strong></span> <span class='ocrx_word' id='word_1_270' title='bbox 460 3950 692 4018; x_wconf 85' lang='lat' dir='ltr'><strong>exhiberem.</strong></span> <span class='ocrx_word' id='word_1_271' title='bbox 732 3949 778 4014; x_wconf 83' lang='lat' dir='ltr'><strong>Et</strong></span> <span class='ocrx_word' id='word_1_272' title='bbox 801 3947 935 4015; x_wconf 81' lang='lat' dir='ltr'><strong>Carolus</strong></span> <span class='ocrx_word' id='word_1_273' title='bbox 959 3948 1105 4026; x_wconf 85' lang='lat' dir='ltr'><strong>calcaria,</strong></span> <span class='ocrx_word' id='word_1_274' title='bbox 1127 3950 1165 4011; x_wconf 89' lang='lat' dir='ltr'><strong>ut</strong></span> <span class='ocrx_word' id='word_1_275' title='bbox 1187 3947 1220 4012; x_wconf 92' lang='lat' dir='ltr'><strong>id</strong></span> <span class='ocrx_word' id='word_1_276' title='bbox 1244 3969 1383 4033; x_wconf 81' lang='lat' dir='ltr'><strong>agerem,</strong></span> <span class='ocrx_word' id='word_1_277' title='bbox 1405 3949 1451 4013; x_wconf 90' lang='lat' dir='ltr'><strong>in-</strong></span> <span class='ocrx_word' id='word_1_278' title='bbox 1496 3977 1500 3986; x_wconf 94' lang='lat'><em>·</em></span> 
     </span>
     <span class='ocr_line' id='line_1_34' title="bbox 310 4053 1452 4140; baseline -0.004 -15"><span class='ocrx_word' id='word_1_279' title='bbox 310 4062 474 4126; x_wconf 73' lang='lat' dir='ltr'><strong>cessantur</strong></span> <span class='ocrx_word' id='word_1_280' title='bbox 489 4057 690 4122; x_wconf 82' lang='lat' dir='ltr'><strong>admouebat</strong></span> <span class='ocrx_word' id='word_1_281' title='bbox 713 4056 943 4122; x_wconf 86' lang='lat' dir='ltr'><strong>Reuocabar</strong></span> <span class='ocrx_word' id='word_1_282' title='bbox 965 4077 1008 4120; x_wconf 85' lang='lat' dir='ltr'><strong>ex</strong></span> <span class='ocrx_word' id='word_1_283' title='bbox 1031 4053 1211 4138; x_wconf 87' lang='lat' dir='ltr'><strong>Lipsensi</strong></span> <span class='ocrx_word' id='word_1_284' title='bbox 1230 4053 1452 4140; x_wconf 86' lang='lat' dir='ltr'><strong>Academia,</strong></span> 
     </span>
     <span class='ocr_line' id='line_1_35' title="bbox 309 4161 1461 4254; baseline -0.007 -21"><span class='ocrx_word' id='word_1_285' title='bbox 309 4167 464 4254; x_wconf 88' lang='lat' dir='ltr'><strong>parebam</strong></span> <span class='ocrx_word' id='word_1_286' title='bbox 496 4186 571 4230; x_wconf 90' lang='lat' dir='ltr'><strong>non</strong></span> <span class='ocrx_word' id='word_1_287' title='bbox 603 4164 684 4229; x_wconf 87' lang='lat' dir='ltr'><strong>sine</strong></span> <span class='ocrx_word' id='word_1_288' title='bbox 717 4163 881 4229; x_wconf 84' lang='lat' dir='ltr'><strong>maximo</strong></span> <span class='ocrx_word' id='word_1_289' title='bbox 915 4185 996 4228; x_wconf 89' lang='lat' dir='ltr'><strong>meo</strong></span> <span class='ocrx_word' id='word_1_290' title='bbox 1028 4161 1285 4245; x_wconf 83' lang='lat' dir='ltr'><strong>incommode,</strong></span> <span class='ocrx_word' id='word_1_291' title='bbox 1322 4162 1461 4226; x_wconf 84' lang='lat' dir='ltr'><strong>interim</strong></span> 
     </span>
     <span class='ocr_line' id='line_1_36' title="bbox 310 4269 1451 4358; baseline -0.009 -17"><span class='ocrx_word' id='word_1_292' title='bbox 310 4298 387 4342; x_wconf 91' lang='lat' dir='ltr'><strong>uero</strong></span> <span class='ocrx_word' id='word_1_293' title='bbox 411 4297 477 4340; x_wconf 91' lang='lat' dir='ltr'><strong>non</strong></span> <span class='ocrx_word' id='word_1_294' title='bbox 496 4271 599 4356; x_wconf 88' lang='lat' dir='ltr'><strong>aliter,</strong></span> <span class='ocrx_word' id='word_1_295' title='bbox 624 4294 720 4358; x_wconf 90' lang='lat' dir='ltr'><strong>quam</strong></span> <span class='ocrx_word' id='word_1_296' title='bbox 734 4272 863 4337; x_wconf 82' lang='lat' dir='ltr'><strong>Aeneas</strong></span> <span class='ocrx_word' id='word_1_297' title='bbox 883 4272 965 4336; x_wconf 89' lang='lat' dir='ltr'><strong>alter</strong></span> <span class='ocrx_word' id='word_1_298' title='bbox 978 4269 1182 4356; x_wconf 82' lang='lat' dir='ltr'><strong>Virgilianos</strong></span> <span class='ocrx_word' id='word_1_299' title='bbox 1204 4272 1310 4332; x_wconf 84' lang='lat' dir='ltr'><strong>terra</strong></span> <span class='ocrx_word' id='word_1_300' title='bbox 1333 4269 1451 4332; x_wconf 87' lang='lat' dir='ltr'><strong>iacta·</strong></span> 
     </span>
     <span class='ocr_line' id='line_1_37' title="bbox 310 4375 1452 4463; baseline -0.007 -15"><span class='ocrx_word' id='word_1_301' title='bbox 310 4387 372 4448; x_wconf 84' lang='lat' dir='ltr'><strong>tus</strong></span> <span class='ocrx_word' id='word_1_302' title='bbox 396 4385 433 4446; x_wconf 87' lang='lat' dir='ltr'><strong>et</strong></span> <span class='ocrx_word' id='word_1_303' title='bbox 456 4379 545 4445; x_wconf 85' lang='lat' dir='ltr'><strong>alto.</strong></span> <span class='ocrx_word' id='word_1_304' title='bbox 582 4379 666 4456; x_wconf 83' lang='lat' dir='ltr'><strong>Quid</strong></span> <span class='ocrx_word' id='word_1_305' title='bbox 690 4379 777 4444; x_wconf 90' lang='lat' dir='ltr'><strong>aliud</strong></span> <span class='ocrx_word' id='word_1_306' title='bbox 801 4382 977 4463; x_wconf 89' lang='lat' dir='ltr'><strong>supererat,</strong></span> <span class='ocrx_word' id='word_1_307' title='bbox 1000 4399 1098 4462; x_wconf 89' lang='lat' dir='ltr'><strong>quam</strong></span> <span class='ocrx_word' id='word_1_308' title='bbox 1122 4380 1159 4441; x_wconf 86' lang='lat' dir='ltr'><strong>ut</strong></span> <span class='ocrx_word' id='word_1_309' title='bbox 1177 4380 1344 4441; x_wconf 87' lang='lat' dir='ltr'><strong>tantorum</strong></span> <span class='ocrx_word' id='word_1_310' title='bbox 1362 4375 1452 4440; x_wconf 89' lang='lat' dir='ltr'><strong>labo-</strong></span> 
     </span>
     <span class='ocr_line' id='line_1_38' title="bbox 311 4481 1452 4571; baseline -0.008 -16"><span class='ocrx_word' id='word_1_311' title='bbox 311 4511 383 4556; x_wconf 87' lang='lat' dir='ltr'><strong>rum</strong></span> <span class='ocrx_word' id='word_1_312' title='bbox 405 4489 544 4552; x_wconf 85' lang='lat' dir='ltr'><strong>fructum</strong></span> <span class='ocrx_word' id='word_1_313' title='bbox 569 4492 697 4552; x_wconf 82' lang='lat' dir='ltr'><strong>etcum</strong></span> <span class='ocrx_word' id='word_1_314' title='bbox 721 4486 849 4571; x_wconf 89' lang='lat' dir='ltr'><strong>quidem</strong></span> <span class='ocrx_word' id='word_1_315' title='bbox 872 4485 951 4550; x_wconf 89' lang='lat' dir='ltr'><strong>mihi</strong></span> <span class='ocrx_word' id='word_1_316' title='bbox 970 4485 1164 4570; x_wconf 87' lang='lat' dir='ltr'><strong>promissum</strong></span> <span class='ocrx_word' id='word_1_317' title='bbox 1183 4481 1376 4548; x_wconf 85' lang='lat' dir='ltr'><strong>demeterem</strong></span> <span class='ocrx_word' id='word_1_318' title='bbox 1396 4483 1452 4547; x_wconf 91' lang='lat' dir='ltr'><strong>ali·</strong></span> 
     </span>
    </p>
   </div>
   <div class='ocr_carea' id='block_1_4' title="bbox 0 0 1618 5098">
    <p class='ocr_par' dir='ltr' id='par_1_5' title="bbox 0 0 1618 5098">
     <span class='ocr_line' id='line_1_39' title="bbox 0 0 1618 5098; baseline 0 0"><span class='ocrx_word' id='word_1_319' title='bbox 0 0 1618 5098; x_wconf 95' lang='lat' dir='ltr'><strong> </strong></span> 
     </span>
    </p>
   </div>
  </div>
 </body>
</html>
