3274 5114
285 386 374 450 226·
675 405 712 450 ru
737 405 847 451 vrruu
872 405 1037 452 susurru

372 543 584 610 Gravioribus
612 545 718 609 turbis
746 547 895 629 proxima
919 547 1036 611 affecta
1059 551 1143 611 sunt.
1188 547 1332 624 Quorum
1355 569 1430 612 cnm

283 652 362 716 haec
391 659 476 717 esset
506 653 539 716 in
568 652 662 716 libris
690 653 828 718 noviciis
856 655 991 737 specics:
1024 655 1098 718 dum
1124 675 1156 720 sc
1182 655 1288 718 umori
1314 655 1353 719 ab
1380 655 1432 720 leis

282 761 376 823 credit
397 760 499 824 crebro
521 761 557 824 iu
579 759 728 823 albanum
751 761 823 842 rapi
845 761 888 825 ud
908 761 1015 841 liorem
1037 762 1147 825 aetatis
1168 781 1243 824 suae
1261 762 1338 843 apsis
1361 759 1428 846 (vel

281 862 382 950 ipsus)
411 865 541 930 uitiatis
567 865 657 930 rebus
684 867 727 930 od
751 886 906 930 maumam
935 867 1073 948 inopiam
1095 868 1235 932 reductus
1258 873 1313 946 est,
1346 889 1429 951 quae

282 971 381 1034 verba
404 971 541 1036 duorum
564 993 715 1035 versuum
739 973 898 1036 ambitum
917 978 1082 1057 superant,
1104 995 1170 1037 non
1189 973 1271 1038 satis
1291 978 1367 1038 sunt
1386 974 1426 1038 ad

283 1081 349 1141 tres
374 1077 597 1161 complendos,
629 1083 662 1142 et
685 1077 805 1144 Wolfio
836 1085 869 1142 et
897 1100 1000 1162 nuper
1022 1079 1144 1145 Rothio
1172 1083 1206 1144 ct
1228 1080 1324 1144 nobis
1349 1081 1427 1145 olim

283 1184 363 1267 ipsis
391 1183 472 1248 haec
496 1184 550 1248 via
573 1183 715 1248 ineunda
738 1184 809 1248 visa
832 1188 882 1248 est
904 1189 942 1248 ut
963 1185 1166 1249 intercidisse
1189 1184 1347 1271 quaedam
1369 1208 1427 1269 pu·

280 1294 433 1354 tarcmus.
471 1289 566 1366 Quali
589 1294 699 1355 tamen
722 1291 857 1356 lacunae
882 1291 1081 1374 supplendae
1101 1312 1181 1374 quae
1201 1293 1252 1356 vel
1272 1291 1427 1357 aWolfio

281 1395 331 1460 vel
369 1419 388 1461 a
421 1397 542 1462 Rothio
575 1401 738 1481 temptate
771 1403 848 1462 sunt
884 1393 934 1482 (in
966 1397 1056 1461 cuius
1090 1397 1427 1482 argumentationibus

280 1525 310 1586 p.
338 1504 399 1568 178
415 1527 461 1588 sq.
486 1505 676 1589 perscriptis
699 1503 783 1568 nihil
807 1503 892 1588 quod
916 1503 1048 1587 probari
1073 1507 1184 1587 posset
1207 1502 1345 1586 inveni),
1374 1527 1426 1569 eo·

280 1631 351 1673 rum
367 1610 516 1694 plurimis
535 1611 574 1675 de
593 1612 716 1676 caussis
736 1610 846 1694 eisque
865 1609 946 1674 satis
967 1609 1150 1672 manifestis
1169 1609 1277 1674 nullus
1293 1632 1426 1693 prorsus

226 1738 264 1777 uu
281 1738 357 1780 usus
381 1721 440 1781 est.
486 1717 578 1794 Quod
602 1721 728 1798 contra,
758 1717 785 1780 si
814 1715 973 1781 modode
997 1716 1112 1779 lacuna
1135 1715 1359 1800 cogitandum,
1385 1739 1427 1780 ne

280 1845 363 1888 nunc
391 1824 519 1907 quidem
547 1823 640 1888 valde
669 1822 874 1910 displicitura
903 1823 968 1885 sint
995 1845 1014 1886 a
1041 1821 1136 1886 nobis
1161 1822 1239 1886 olim
1263 1843 1425 1886 commen·
1478 1867 1483 1874 -

281 1929 358 1994 data
381 1930 614 2013 supplementa,
637 1951 719 2014 quae
743 1951 812 1992 esse
836 1928 917 1992 talia
941 1929 1144 1993 volebamus:
1168 1928 1256 1993 Du‘m
1273 1949 1305 1994 se
1322 1929 1360 1994 ab
1376 1929 1427 1993 leis

157 2111 160 2118 Ι
279 2036 385 2100 amori
407 2037 501 2099 credit
523 2036 561 2099 o'b
582 2036 689 2117 [lacu
712 2036 822 2098 aetolis
843 2056 924 2112 urae,
941 2034 953 2118 ΙΙ
970 2034 1058 2100 Dalm
1083 2038 1126 2116 [sc
1148 2056 1252 2099 corum
1274 2037 1357 2101 rc'dis
1375 2057 1426 2118 pe-

279 2143 350 2222 sut]
369 2143 475 2206 crdbro
493 2144 527 2206 iu
543 2142 702 2207 Albanum
720 2142 799 2222 rupi,
817 2141 828 2224 ΙΙ
845 2141 921 2206 Suis
942 2142 1071 2206 wilatis
1094 2141 1187 2206 rc'bus
1209 2143 1253 2208 ud
1272 2163 1426 2208 summum

280 2250 419 2330 incuriam
441 2247 583 2313 reddetis
604 2253 655 2313 cst.
702 2247 824 2312 Verum
848 2253 958 2313 tamen
981 2249 1015 2312 in
1038 2249 1099 2313 hac
1122 2269 1274 2312 versuum
1298 2249 1425 2314 confor-

281 2356 424 2420 matione
462 2361 497 2419 ut
533 2354 629 2420 hodie
664 2375 730 2418 non
769 2355 1024 2439 acquiescamus,
1060 2375 1125 2418 non
1157 2353 1244 2418 laves
1280 2355 1425 2419 rationes

282 2465 411 2543 praesto
436 2464 521 2524 sunt.
568 2459 712 2536 Quarum
736 2460 931 2545 gravissima
954 2459 1034 2524 haec
1056 2465 1119 2542 cst,
1143 2459 1228 2542 quod
1252 2463 1285 2524 et
1307 2460 1425 2524 mirum

280 2568 313 2632 in
338 2567 468 2631 modum
496 2567 653 2650 languent
680 2589 762 2651 quae
790 2569 912 2651 scripta
939 2572 1016 2631 sunt
1039 2569 1113 2632 dum
1135 2587 1167 2631 sc
1188 2566 1227 2630 ab
1249 2565 1299 2630 his
1321 2569 1427 2631 cneori

279 2675 409 2757 credit,
432 2671 516 2757 quod
541 2674 657 2736 saltem
677 2674 832 2756 puciatur
854 2673 1023 2738 dicendum
1047 2677 1118 2738 erat
1140 2673 1191 2737 vel
1211 2673 1369 2756 similiter,
1393 2678 1426 2738 et

280 2779 392 2842 eadem
420 2780 541 2843 amoris
568 2779 735 2844 notionem
763 2780 867 2844 multo
896 2780 1067 2844 certiorem
1101 2783 1197 2863 atque
1231 2781 1425 2862 apertiorem

280 2885 435 2968 produnt,
459 2906 555 2969 qnam
578 2907 660 2969 quae
684 2886 718 2950 in
741 2886 919 2969 praemissa
942 2909 962 2950 s
986 2883 1142 2950 Suetonio
1166 2885 1266 2950 verba
1289 2885 1426 2968 quadret

280 2991 395 3075 quibus
424 2992 452 3054 is
476 2991 621 3056 Porcium
644 2993 888 3074 suspitionem
911 2993 948 3056 ue
965 2991 1180 3056 consuetudine
1199 2992 1301 3071 fucere
1323 2991 1424 3076 signi·

280 3098 407 3162 ficsbat.
441 3097 533 3162 Vnde
556 3099 594 3163 fit
617 3103 654 3162 ut
676 3099 733 3163 illa
756 3100 828 3182 ipsa
846 3099 947 3164 verba
969 3099 1001 3162 in
1027 3098 1239 3182 suspitionem
1258 3097 1424 3163 incurrant

280 3225 339 3268 nec
368 3203 407 3266 de
440 3203 556 3269 lacuna
588 3207 698 3289 potius
731 3226 827 3288 quem
860 3205 899 3269 de
930 3203 1182 3288 interpolatione
1215 3203 1423 3288 cogitandum

281 3310 435 3375 videatur.
481 3311 567 3376 Nam
590 3317 641 3395 ut,
666 3333 729 3395 quo
752 3311 859 3376 Porcii
883 3310 1033 3374 versiculi
1057 3313 1243 3394 spectarent
1265 3307 1423 3393 qu‘amque

280 3417 346 3481 vim
369 3418 434 3481 illa·
449 3418 657 3501 potissimum
680 3419 839 3484 haberent
858 3441 939 3503 quse
959 3421 1035 3482 suut
1052 3419 1096 3483 od
1107 3417 1235 3482 Philum
1248 3437 1279 3482 sc
1292 3419 1425 3482 marture

279 3530 308 3588 ct
329 3525 472 3589 Laelium
494 3525 661 3606 poletrum
684 3531 792 3608 putot,
824 3526 1003 3608 doceretur,
1036 3527 1087 3588 sat
1111 3523 1256 3607 profecto
1280 3524 1423 3607 proclive

280 3636 350 3696 erat
373 3631 513 3696 adscribi
537 3631 578 3696 ab
602 3632 793 3716 interprete,
821 3653 903 3716 quae
926 3635 1001 3715 post
1024 3630 1058 3694 in
1081 3617 1180 3708 v‘erba
1203 3634 1317 3713 poetae
1341 3631 1423 3696 iure·

279 3743 426 3820 pserunt,
457 3759 490 3802 sc
511 3739 616 3802 amari
637 3738 677 3802 ub
698 3737 748 3804 uis
770 3739 871 3803 credit.
917 3737 990 3803 Huc
1014 3741 1123 3802 autem
1147 3737 1271 3801 accedit
1295 3738 1379 3821 quod
1404 3759 1423 3801 a

279 3849 458 3908 ceterorum
482 3845 628 3910 codicum
652 3845 810 3910 memoria
832 3867 898 3910 non
916 3846 1031 3910 leviter
1050 3843 1168 3908 veteris
1186 3841 1326 3908 Parisini
1346 3843 1423 3908 fides

279 3951 455 4036 discrepat:
479 3952 512 4015 in
536 3971 613 4034 quo,
636 3955 765 4034 praeter
787 3951 890 4016 madet
911 3972 971 4034 pro
990 3951 1084 4014 crulit
1102 3947 1254 4033 positum,
1276 3949 1425 4034 proxima

280 4057 314 4121 in
343 4057 428 4122 hunc
458 4057 588 4124 modum
618 4058 741 4140 scripta
769 4061 858 4122 sunt:
890 4057 992 4122 metro
1014 4057 1049 4122 iu
1072 4055 1220 4121 alionum
1242 4057 1366 4139 rapitur
1387 4056 1424 4120 ob

278 4163 385 4244 simon
407 4165 519 4230 artatis
540 4185 615 4230 sarae
632 4169 703 4246 post
724 4163 854 4229 adlatus
876 4165 966 4230 rebus
989 4187 1015 4228 e.
1029 4186 1059 4248 q.
1074 4187 1099 4228 s.
1130 4161 1229 4247 Ergo,
1251 4183 1291 4226 ne
1314 4183 1423 4226 moras

279 4275 423 4354 noctem,
456 4293 476 4334 a
502 4272 577 4336 dum
605 4269 767 4354 particula
790 4269 947 4354 incipiens
971 4277 1122 4356 quartum
1147 4269 1350 4336 enuntiatum
1374 4289 1423 4333 se-

280 4376 454 4459 quebatur,
492 4379 656 4463 integrum
689 4377 722 4441 id
756 4377 973 4461 septenarium
1012 4399 1153 4462 aequans
1189 4396 1324 4459 eumque
1360 4395 1426 4439 una

279 4483 381 4546 crebro
405 4505 483 4548 voce
507 4485 710 4568 transposita
732 4489 800 4549 tam
825 4485 1015 4550 concinnum
1045 4507 1141 4569 quam
1164 4481 1248 4566 quod
1272 4482 1425 4546 maxime:
