3274 5114
661 397 943 446 couunnrmuvs.
1309 383 1375 448 245

229 541 317 608 aliud
340 541 455 606 suadet
476 539 555 604 fides
579 539 762 606 memoriae.
809 539 913 616 Quam
937 540 965 605 si
988 540 1196 628 consulimus,
1218 545 1287 606 tarn
1310 543 1375 608 cito

229 669 325 731 quam
348 650 437 713 certo
460 645 682 732 intellegimus
706 647 780 712 inde
799 647 840 712 ab
860 647 1088 732 antiquissima
1105 646 1144 712 de
1164 670 1227 734 qua
1246 649 1375 734 quidem

228 758 357 830 constet
388 753 520 839 linguae
553 757 673 838 aetate,
706 776 778 818 eum
810 775 869 818 suo
896 757 1058 839 ternpore,
1089 775 1154 819 666
1186 775 1271 839 sero,
1302 754 1373 819 fieri

229 860 397 946 quippiam
420 859 590 925 dicendum
613 865 712 944 esset,
736 865 793 926 aut
816 861 941 942 ternperi
963 860 1136 946 placuisse,
1160 860 1244 946 quod
1267 863 1301 924 et
1322 881 1374 924 ve·

229 965 376 1032 iustioris
405 971 438 1032 et
464 965 647 1033 humilioris
676 969 834 1034 sermonis
857 967 1025 1052 proprium
1049 969 1182 1053 mansit,
1210 969 1267 1032 aut
1290 965 1375 1050 quod

229 1073 340 1158 paullo
363 1072 479 1138 lectius
503 1077 600 1158 atque
624 1075 752 1159 cultius,
775 1076 967 1158 intempore.
1004 1074 1105 1140 Velut
1123 1075 1184 1140 boc
1204 1073 1374 1139 Terentius

229 1179 263 1244 in
296 1201 352 1244 sex
380 1179 556 1244 comoediis
585 1203 662 1244 usus
690 1185 740 1244 est
768 1179 975 1265 quinquiens,
1008 1181 1059 1245 bis
1087 1183 1215 1246 tautum
1242 1177 1375 1266 (Amph.
1422 1171 1429 1184 ⁸

229 1285 302 1350 877.
326 1283 418 1370 Capt
443 1283 522 1369 836)
551 1286 586 1350 in
613 1285 732 1370 viginti
755 1285 904 1352 Plautus:
937 1284 992 1371 (ne
1020 1287 1055 1351 in
1082 1286 1145 1352 boc
1175 1307 1292 1372 genere
1319 1310 1375 1352 nu·

229 1413 349 1456 merem
376 1382 501 1458 sociata
527 1393 564 1458 iu
591 1394 657 1475 6666
685 1398 815 1474 tempore
842 1391 894 1458 vel
916 1393 952 1457 in
974 1397 1104 1475 tempure
1126 1395 1205 1476 qaeu,
1232 1397 1282 1456 ter
1306 1392 1375 1478 qui-

232 1497 305 1562 dem
333 1520 354 1562 a
372 1477 545 1582 Terentio,
572 1498 651 1562 item
680 1499 729 1563 bis
758 1521 778 1562 a
804 1497 921 1563 Plauto
945 1495 1098 1583 016616,
1124 1500 1154 1578 1,
1181 1499 1230 1564 18.
1276 1497 1375 1564 Poen.

228 1621 260 1686 v,
282 1605 313 1688 3,
340 1601 407 1690 lm)
438 1609 553 1670 contra
575 1607 700 1688 teraperi
723 1603 857 1669 Plautus
883 1603 966 1669 dixit
989 1605 1188 1689 saepissime,
1211 1626 1251 1668 ne
1275 1604 1375 1668 semel

228 1710 358 1794 quidem
385 1709 564 1776 Terentius.
610 1711 656 1776 Et
683 1711 835 1776 Plautina
868 1711 997 1796 quidem
1029 1711 1180 1794 exempla
1209 1732 1282 1775 cum
1310 1711 1377 1775 siut

227 1817 445 1902 undeviginti,
474 1817 508 1881 in
535 1817 587 1882 his
618 1819 744 1899 temperi
770 1817 910 1882 formam
939 1817 1055 1902 optimi
1084 1817 1161 1882 libri
1184 1821 1241 1881 aut
1263 1821 1375 1900 aperte

228 1927 284 1988 eut
306 1945 374 1988 non
398 1923 505 1988 dubiis
528 1922 678 2008 vestigiis
701 1927 871 1988 servarunt
891 1921 1110 2007 quindeciens:
1133 1919 1207 1988 Aul.
1226 1939 1276 2006 111,
1295 1923 1325 2004 3,
1345 1923 1375 2004 6,

226 2029 281 2094 ubi
310 2027 414 2094 Vetus
448 2051 468 2094 6
497 2051 538 2093 16.
565 2051 614 2113 pr.
640 2027 724 2096 Hem
745 2029 843 2112 perii,
876 2027 932 2094 sed
962 2028 1103 2111 Ternpert
1130 2049 1147 2092 6
1175 2030 1374 2114 correcture3

229 2132 320 2219 Capt.
346 2134 422 2216 1913
451 2132 523 2200 (las.
546 2153 582 2218 11,
604 2135 635 2219 6,
659 2135 715 2219 60,
737 2134 794 2200 ubi
817 2135 897 2200 item
919 2157 967 2219 pr.
991 2158 1034 2201 ru.
1058 2135 1212 2218 Tmmcri,
1236 2135 1376 2200 secunda

229 2239 357 2305 demum
378 2240 537 2324 Temperi·
560 2239 657 2306 Most
676 2240 755 2324 3143
779 2239 864 2304 Meu.
882 2241 958 2306 445.
976 2241 1052 2306 464.
1071 2241 1146 2326 467,
1167 2241 1272 2306 tribus
1291 2241 1373 2306 locis

227 2385 310 2428 unus
330 2363 510 2429 Vaticanus
534 2385 555 2428 a
576 2385 638 2429 rec.
657 2387 699 2428 61.
719 2340 859 2446 tempiii;
884 2363 979 2430 Mero.
999 2364 1073 2448 989,
1095 2365 1152 2429 ubi
1171 2369 1283 2460 temper
1301 2387 1374 2428 cum

228 2469 338 2535 eodem
362 2469 569 2554 Decurtatus,
593 2469 774 2552 Ternperare
797 2469 913 2556 Vetus3
936 2469 1051 2536 Pseud.
1076 2469 1151 2553 387,
1174 2470 1230 2534 ubi
1254 2469 1316 2534 etsi
1339 2469 1373 2534 in

226 2575 346 2641 eisdem
377 2576 483 2642 tribus
516 2577 644 2658 tempori
674 2581 736 2662 est,
768 2581 877 2642 temen
909 2597 1022 2642 verum
1052 2599 1125 2642 cum
1154 2575 1373 2642 Ambrosiano

226 2687 319 2748 vetus
350 2681 547 2768 glossarium
570 2687 724 2767 testatur,
752 2683 829 2748 ibid.
856 2683 954 2765 1182,
977 2682 1034 2747 ubi
1056 2683 1091 2747 in
1115 2683 1239 2765 ternperi
1261 2701 1374 2746 omnes

226 2791 380 2873 quattuor
403 2787 618 2872 consentiunt,
639 2788 704 2852 nisi
727 2788 813 2872 quod
837 2788 871 2852 in
890 2787 1051 2852 Vaticano
1076 2809 1095 2851 a
1119 2810 1167 2871 pr.
1186 2809 1228 2852 m.
1247 2793 1375 2870 tenipere

226 2895 299 2979 luit,
321 2896 449 2977 terapcri
472 2899 580 2959 autem
600 2893 748 2977 princeps
768 2894 896 2960 demum
916 2892 1016 2959 editio
1035 2892 1171 2976 invexit,
1194 2892 1282 2957 Pers.
1299 2893 1373 2978 229,

227 3001 282 3066 ubi
306 3001 347 3066 ad
365 2999 532 3066 Palatinos
550 2998 811 3084 Vaticanumque
834 3019 946 3065 rursus
970 2998 1057 3064 idem
1077 2999 1159 3064 illud
1177 2995 1373 3085 glossarium

225 3106 414 3171 Plautinum
442 3105 581 3189 accedit,
608 3107 737 3190 teimmi
764 3106 854 3172 solus
877 3105 1055 3170 Vaticanus
1078 3105 1178 3170 habet
1201 3129 1221 3170 a
1244 3127 1287 3169 m.
1310 3126 1372 3170 rec.

226 3233 359 3296 prorsus
392 3217 429 3277 66
455 3211 534 3278 ibid.
563 3213 641 3297 768,
673 3213 730 3276 ubi
758 3214 883 3296 temperi
908 3213 960 3277 bis
988 3215 1039 3276 est
1065 3211 1100 3276 in
1127 3211 1372 3298 6666666166,

225 3315 307 3382 Rud.
335 3317 413 3402 9213
447 3315 547 3382 Stich.
575 3317 654 3402 654,
684 3317 768 3382 unde
796 3319 922 3401 temperi
948 3317 1080 3384 transiit
1105 3319 1140 3382 in
1162 3317 1372 3403 glossariurn3

143 3463 150 3474 ·
226 3423 313 3489 'ibim
341 3425 413 3488 911.
463 3422 553 3489 Haec
585 3423 685 3508 igitur
717 3445 790 3489 cum
822 3423 939 3489 horum
970 3425 1055 3489 ratio
1082 3429 1116 3490 et
1143 3423 1286 3490 condicio
1315 3424 1372 3507 siu

226 3531 335 3616 ecquis
362 3531 397 3594 in
423 3551 488 3594 uno
512 3528 724 3614 Captivorum
751 3551 846 3594 versu
872 3529 934 3594 183
962 3530 1078 3614 tutari,
1106 3530 1192 3616 quod
1220 3533 1270 3595 est
1293 3551 1372 3594 6666

225 3637 261 3700 in
283 3635 415 3720 Vetere,
442 3637 570 3719 tempori
593 3635 736 3700 animum
759 3635 890 3700 inducet
912 3657 971 3700 666
994 3636 1035 3701 ad
1058 3641 1239 3702 ceterorum
1262 3635 1371 3718 potius

226 3745 260 3807 et
290 3742 530 3808 multitudinem
563 3745 597 3808 et
626 3741 870 3807 similitudinem
902 3742 965 3806 1166
997 3765 1125 3827 quoque
1153 3741 1371 3806 accommode·
1397 3825 1398 3829 Ἰ

226 3849 297 3914 bit?
327 3849 518 3933 praesertim
550 3871 623 3915 cum
651 3853 725 3914 octo
749 3853 825 3934 post
847 3848 993 3914 versibus
1021 3848 1054 3913 in
1082 3848 1194 3914 eodem
1211 3867 1371 3912 sermone

226 3955 400 4039 eademque
433 3955 594 4020 sententia
625 3955 733 4040 ipsum
765 3955 955 4040 insequatur
987 3957 1119 4040 temperi.
1171 3953 1257 4019 Nam
1289 3975 1370 4038 quae

226 4064 394 4144 praeterea
424 4060 489 4125 tria
522 4062 670 4146 exempla
701 4064 841 4145 restant,
873 4061 907 4126 iu
937 4061 984 4126 eis
1013 4083 1055 4126 66
1084 4061 1214 4145 prodita
1241 4059 1371 4144 quidem
1401 4057 1408 4068 '

227 4168 354 4250 tempori
375 4167 483 4232 forma
506 4172 570 4253 est,
593 4167 648 4233 sed
672 4168 713 4233 ab
738 4167 914 4234 editoribus
937 4168 1066 4233 demum
1090 4169 1217 4249 effecta,
1240 4165 1372 4249 prodita

227 4275 335 4338 autem
367 4277 513 4356 tempore:
546 4274 646 4340 semel
677 4296 750 4340 cum
781 4275 863 4338 r'itio
896 4295 1101 4339 numerorum
1132 4273 1186 4358 qui
1217 4271 1370 4336 creticum

226 4378 378 4464 flagitant
400 4379 495 4464 Epid.
518 4395 572 4462 111,
596 4379 626 4462 3,
649 4377 693 4444 25
715 4377 834 4461 Edepol
856 4399 894 4443 uc
918 4379 1032 4444 istosne
1055 4379 1180 4461 tc‘mpcri
1199 4377 1297 4461 puto‘
1319 4383 1370 4443 tuo

226 4483 343 4552 Sumus
363 4487 571 4570 praumato·
600 4483 678 4571 (nisi
701 4505 738 4550 66
760 4486 853 4550 istem
875 4504 932 4550 nos
955 4484 1070 4568 males,
1100 4483 1227 4571 quando
1250 4483 1285 4547 in
1307 4481 1370 4549 Ve-
