3274 5114
268 357 334 421 230
657 375 694 422 ιιι
718 373 830 420 vrrnn
853 373 1022 421 rssnnrn

268 515 337 580 Nec
365 516 535 581 offensioni
564 539 634 582 esse
662 517 812 601 dactylus
842 516 875 580 in
903 519 1018 600 quarto
1047 516 1128 601 pede
1159 515 1267 600 debet,
1299 516 1413 600 utqui

269 623 350 686 satis
384 622 496 687 veniae
529 645 602 688 cum
634 647 654 687 a
683 623 813 688 nomino
843 622 975 707 proprio
1005 629 1075 687 tum
1105 623 1146 687 ab
1177 623 1249 707 ipsa
1280 622 1414 688 elisione

267 729 395 795 habeat.
432 730 567 796 Prorsus
588 735 697 796 autem
717 731 919 816 simplicitati
942 729 1212 795 conlocandorum
1232 729 1415 812 vorborum,

267 858 331 920 qua
353 835 416 920 hoc
438 857 540 922 genus
563 831 715 901 icrsuum
739 837 871 922 regitur,
894 836 1022 900 inludat
1041 836 1068 900 si
1088 836 1143 920 qui
1157 836 1301 901 Mortuos
1314 835 1415 918 Stym-

262 943 354 1026 phali
375 942 560 1008 Arcadioest
582 942 692 1024 cippido
715 943 939 1007 commendare
963 942 1106 1006 animum
1130 941 1293 1007 induxerit
1320 941 1342 1028 )

357 1046 433 1132 Pag.
452 1048 518 1122 206,
538 1047 676 1122 8-207,
695 1047 713 1112 3
736 1069 809 1113 oum
832 1049 920 1113 exitu
939 1048 1068 1131 septimi
1089 1048 1308 1114 benefactum
1329 1049 1415 1132 quod

268 1179 334 1221 non
362 1156 460 1220 semel
484 1155 622 1239 scriptos
645 1154 817 1239 babemus,
845 1154 901 1220 sed
925 1154 1012 1220 circa
1033 1155 1131 1219 finem
1154 1154 1250 1220 huius
1274 1155 1361 1220 vitae
1385 1177 1416 1238 p.

269 1264 343 1346 212,
367 1265 387 1326 6
410 1262 547 1327 iteratos
570 1261 605 1324 in
628 1260 721 1324 libris
746 1261 902 1344 postilla
925 1281 1008 1344 quae
1027 1263 1104 1324 sunt
1121 1281 1180 1342 quo
1200 1261 1300 1343 mayis
1318 1261 1417 1334 miror

268 1369 414 1435 Porcium
435 1367 570 1433 seriam.
606 1366 719 1452 Itaque
743 1389 806 1450 quo
826 1366 1005 1450 expeditior
1023 1366 1163 1430 conlatio
1183 1370 1278 1450 essct,
1296 1367 1416 1431 utrius·

214 1495 255 1537 ιιι
269 1497 331 1560 que
362 1474 424 1539 loci
455 1473 645 1564 ¹versiculos,
677 1473 788 1558 quales
821 1473 855 1537 in
887 1477 994 1538 vetere
1025 1473 1173 1537 Parisino
1202 1477 1344 1556 exstant,
1376 1495 1415 1538 ex

270 1581 405 1646 adverso
428 1581 532 1664 posui,
558 1579 653 1644 simul
678 1579 824 1644 subiecta
847 1579 1026 1663 scripturae
1050 1579 1266 1662 discrepantia
1288 1579 1415 1644 notabi-

268 1688 350 1753 liora
372 1686 575 1752 noviciorum
598 1685 765 1750 librorum.

454 1887 485 1948 p.
509 1863 574 1928 206
594 1885 641 1946 sq.
1067 1886 1096 1946 p.
1121 1863 1186 1926 212

314 1968 803 2052 aichilP.scipioeiprofuitaitil
882 1971 977 2052 scipio
999 1969 1095 2034 nictit
1111 1970 1243 2052 profuit.
1266 1969 1363 2034 nichil

316 2075 804 2156 iiliieliusaitilsimiaistrospcr
884 2077 990 2140 ladius.
1019 2077 1133 2156 iterius
1166 2080 1226 2140 tres
1243 2097 1302 2158 per

316 2185 397 2248 idem
420 2188 537 2264 tempus
559 2183 613 2264 qai
634 2182 795 2265 (ruitabant
831 2198 847 2245 a
885 2184 964 2248 idem
987 2187 1104 2265 temfflra
1126 2183 1180 2266 qui
1202 2183 1364 2266 aqitobont

316 2291 430 2355 rrobiles
445 2290 617 2370 facillimae
634 2309 739 2354 eorum
751 2288 804 2353 illc
883 2283 998 2354 nobiles
1019 2289 1169 2370 facillime
1190 2310 1296 2354 corum
1320 2291 1372 2354 illo

317 2418 410 2480 opero
431 2417 470 2460 aa
491 2397 616 2461 domum
637 2397 758 2478 quidem
884 2417 977 2479 opero
998 2417 1037 2461 ae
1058 2397 1183 2460 domum
1205 2398 1327 2479 quidem

316 2505 345 2570 si
358 2505 447 2568 abuit
459 2496 683 2567 conduecieiam
696 2503 804 2566 solem
832 2517 848 2564 a
883 2503 991 2568 imbuit
1013 2503 1233 2588 conducticium
1255 2503 1365 2569 sulem

317 2615 352 2674 ut
373 2614 448 2675 essa
468 2629 528 2692 qao
546 2610 673 2690 referret
690 2609 805 2674 obitum
885 2615 920 2675 ut
941 2615 1016 2676 esset
1036 2631 1096 2692 pao
1118 2611 1234 2691 referet.
1258 2611 1373 2674 obitam

316 2717 436 2782 amens
457 2715 587 2782 amau.
885 2718 1004 2782 domim
1025 2717 1175 2782 smuulra.

321 2899 332 2945 1
360 2892 393 2947 P.
412 2891 459 2945 vel
473 2909 504 2959 p.
528 2891 572 2944 vel
594 2889 696 2946 Publio
715 2891 805 2959 (Vrb.)
886 2893 1017 2947 bladiua.
1036 2892 1142 2961 furitis]
1162 2893 1187 2944 ei
1206 2892 1284 2945 lelius
1303 2891 1374 2944 nibil

319 2980 365 3034 vel
379 2980 444 3048 cip.
459 2979 571 3048 (Neap)
643 2981 730 3048 scipio
740 2995 805 3048 pro·
858 3041 864 3046 ,
885 2981 979 3048 furius
997 2979 1068 3048 (sinc
1087 2982 1113 3034 ei
1130 2980 1191 3036 Par.
1210 2979 1269 3049 alt,
1291 2980 1368 3050 ltcg.)

318 3069 375 3136 fuit
393 3068 496 3122 sinaei
567 3067 658 3138 silli]
673 3069 699 3122 ei
768 3069 805 3122 si·

319 3156 471 3227 miniatroa]
490 3157 586 3223 ferires
604 3161 658 3211 tres
747 3157 807 3210 bai

320 3245 410 3316 abuit]
428 3245 526 3299 habuit
597 3251 613 3300 8
631 3245 758 3300 amalus

343 3403 368 3474 ‘l
388 3404 516 3460 Ceterum
534 3421 590 3459 non
608 3403 667 3460 lore
685 3404 761 3459 lectu
779 3403 932 3461 iniucunda
950 3405 1071 3460 arbitror
1089 3421 1161 3475 quae
1180 3405 1215 3460 de
1234 3407 1277 3460 his
1291 3404 1418 3460 versibus

274 3512 325 3564 per
347 3493 484 3563 prooemii
506 3492 660 3548 academici
683 3492 923 3562 opportunitatem
947 3493 1074 3562 proximo
1099 3509 1171 3548 anno
1191 3509 1208 3546 a
1227 3511 1271 3547 me
1290 3495 1419 3548 tractatis

274 3584 304 3638 ll.
317 3581 542 3638 Tb.Welckarus
560 3581 596 3636 ad
615 3599 659 3636 ma
678 3582 870 3652 perscribebat
888 3601 921 3636 ex
940 3582 1049 3638 itineris
1069 3582 1168 3637 Graeci
1187 3581 1323 3636 momoria
1341 3600 1417 3652 repe·

274 3671 340 3726 tita:
371 3671 443 3726 ‘Das
461 3669 582 3725 Gedicht
605 3669 654 3726 des
673 3670 787 3726 Porcius
806 3671 862 3726 Lic.
887 3670 924 3724 ist
947 3671 1049 3726 hbcbst
1071 3671 1240 3725 interessant
1262 3669 1350 3724 durch
1373 3669 1418 3724 dia

274 3761 328 3814 tiel
342 3759 488 3830 gobenden
498 3759 705 3828 Andautungcn
724 3757 769 3812 dic
789 3775 818 3813 es
836 3757 908 3812 nach
922 3758 991 3812 auci
1006 3757 1101 3812 Seitcn
1116 3757 1173 3826 hin,
1193 3758 1244 3813 wie
1259 3776 1314 3813 von
1328 3759 1418 3814 cinam

275 3847 367 3903 hohan
386 3847 490 3902 Standc
514 3847 563 3901 dcr
586 3846 721 3916 Bildung‚
744 3846 774 3900 in
797 3845 898 3901 milder
921 3846 977 3900 und
1001 3845 1058 3900 fast
1076 3846 1231 3916 elegischer
1249 3847 1339 3903 Satira
1358 3865 1418 3903 aus·

275 3935 385 3990 drtclrt.
426 3935 517 3989 chn
543 3952 572 3988 as
597 3933 677 3989 nicht
701 3951 750 3988 aur
776 3933 899 3989 anderen
922 3933 1054 3989 Grdnden
1079 3935 1348 3990 unwahrsobainlich
1374 3935 1419 4004 ist,

276 4025 339 4078 dass
362 4022 412 4076 der
434 4019 529 4090 ganial
552 4020 721 4076 ansishcnda
745 4020 876 4090 Licbling
898 4021 948 4076 der
966 4020 1085 4078 Grorscn
1110 4023 1169 4078 sich
1192 4024 1221 4078 in
1240 4023 1419 4078 Zcrwdrfniss

275 4109 477 4168 undVerdruas
496 4108 626 4164 wirlrlich
644 4107 673 4162 in
692 4109 742 4164 dua
760 4109 888 4179 poetisob
907 4109 965 4164 und
978 4110 1109 4180 politisch
1124 4111 1178 4166 dcn
1194 4113 1314 4167 Rbmern
1333 4113 1418 4168 soban

275 4198 426 4270 lrlingcndc
444 4197 587 4253 Arkadien
606 4198 834 4268 aurtclrgezogen
852 4198 915 4265 bat,
939 4215 969 4252 so
989 4217 1047 4253 war
1067 4200 1248 4270 Stymphalos
1271 4200 1316 4254 ein
1335 4219 1418 4272 ange-

275 4289 358 4344 nebm
377 4285 529 4356 gelegonar
546 4287 603 4341 und
621 4285 687 4341 lrein
705 4285 814 4340 lrleiner
828 4287 887 4343 Ort.
916 4289 959 4341 An
978 4287 1028 4343 der
1046 4289 1109 4344 sehr
1127 4287 1259 4358 galinden
1278 4287 1334 4342 und
1348 4295 1419 4342 mlia-

276 4378 354 4446 sigcn
373 4375 504 4442 lahlite,
523 4391 566 4429 wo
586 4374 631 4429 die
650 4375 717 4430 weit
734 4377 908 4431 varstrentcn
928 4377 1036 4432 Ruinen
1056 4376 1109 4432 den
1128 4377 1250 4447 Umlang
1268 4376 1318 4430 der
1337 4377 1421 4432 Stadt

276 4463 381 4534 seigam,
399 4461 478 4516 ruha
500 4461 545 4519 ein
564 4462 671 4518 chmals
689 4461 892 4521 rortrclllicber
911 4464 1060 4534 Steinweg,
1078 4465 1107 4519 in
1122 4463 1221 4520 Stoica
1235 4479 1334 4520 wovon
1347 4466 1419 4522 noch
