3274 5114
549 425 765 490 snscuancn
788 439 972 488 rnavnms.
1269 419 1330 486 187

189 581 288 648 titulo
311 585 345 648 st
367 581 501 648 Plautus
524 583 670 650 fabulam
693 583 867 668 inscripsit,
889 582 925 648 in
947 605 1011 668 qua
1033 581 1184 648 mulieres
1208 581 1240 648 in
1264 581 1332 648 eius

188 689 277 755 modi
300 689 455 756 uehiculis
478 691 623 757 inducit?
639 727 679 740 -
694 691 836 756 Probum
859 689 961 776 igitur
983 688 1012 754 si
1036 689 1209 774 sequimur,
1231 692 1269 754 ut
1283 693 1333 754 est
1366 778 1369 784 .

188 799 455 881 consentaneum,
487 797 624 864 descivit
652 799 858 883 aliquantum
884 795 1006 862 latinus
1039 818 1116 861 usus
1148 821 1168 862 a
1198 817 1332 882 graecae

188 901 345 986 ἀττράβηε
368 904 608 990 significatione
627 903 647 970 i.
662 926 688 970 e.
705 908 765 970 τοῦ
788 904 841 969 ἐπὶ
864 905 930 968 τῶν
952 904 1064 969 ἵππιον
1086 903 1194 983 ξύλου,
1217 904 1236 971 ὃ
1260 925 1332 985 κρα-

188 1014 296 1076 τοῡειν
319 1009 350 1076 οἱ
373 1009 580 1090 καθεζόμενοι
603 1011 835 1096 interpretibus
855 1009 1020 1096 Hespcbio
1043 1013 1077 1076 et
1095 1009 1333 1097 Etymologico.

188 1117 233 1182 Et
255 1117 351 1202 quale
374 1117 503 1204 quidem
526 1113 623 1184 ξύλον
646 1118 726 1183 illud
745 1117 954 1203 cogitandum
973 1117 1027 1201 sit,
1049 1117 1211 1202 glossaria
1228 1117 1334 1185 latina

189 1226 339 1308 aperiunt
350 1225 513 1291 communi
526 1246 687 1292 consensu
702 1225 748 1292 sic
763 1224 1015 1309 interpretantis
1029 1223 1186 1290 ‘astrabaz
1201 1225 1333 1309 tabella,

189 1333 245 1398 ubi
268 1332 383 1417 pedes
406 1331 646 1417 requiescunt’:
668 1331 702 1398 id
726 1331 812 1418 quod
835 1331 954 1398 vitiose
977 1333 1100 1417 scripta
1122 1333 1233 1418 glossa
1256 1332 1334 1400 Vul-

189 1440 273 1506 canii
297 1463 327 1524 p.
351 1441 404 1522 21,
418 1441 459 1505 31
485 1439 584 1504 etiam
607 1439 711 1524 magis
735 1439 920 1505 confirmat:
945 1437 1113 1526 ετιολιοιιιο,
1136 1417 1230 1520 (uvir,
1254 1441 1332 1506 ὑπο-

189 1546 330 1613 πόδιον’.
359 1545 481 1612 Verum
508 1549 619 1612 tamen
641 1546 707 1611 iam
731 1547 815 1632 apud
839 1544 981 1612 Graecos
1004 1568 1076 1612 eam
1099 1567 1210 1612 vocem
1233 1547 1334 1613 etiam

192 1656 232 1720 ad
254 1654 475 1722 vehiculorum
497 1655 665 1720 notionem
688 1654 871 1720 traductam
894 1676 966 1719 esse
990 1675 1063 1720 cum
1085 1652 1278 1720 Eustatbius
1301 1659 1335 1720 et

189 1761 365 1828 scholiasta
392 1761 526 1828 Luciani
549 1761 727 1828 ‘ostendere
759 1761 910 1827 videntur
938 1784 958 1827 a
984 1760 1141 1826 Piersono
1170 1760 1211 1826 ad
1233 1760 1334 1829 Moer.

193 1868 260 1934 Att.
283 1892 315 1953 p.
340 1869 404 1934 140
434 1868 692 1952 commemorati,
725 1869 781 1953 qui
814 1870 930 1935 (έλλαν
961 1869 1232 1954 interpretantur,
1263 1871 1334 1934 tum

192 1977 294 2042 multo
310 1975 490 2042 evidentius
504 1974 636 2042 Taatnes
651 1975 795 2041 declarat
807 1974 931 2042 Histor.
945 1975 1003 2060 IX,
1017 1976 1081 2042 847
1097 1997 1157 2062 sq:
1181 1973 1334 2058 Ἀετράβη

189 2085 287 2151 ξύλον
317 2082 428 2164 ὄρθιον
455 2087 524 2148 coir
552 2083 678 2163 δίφροιο
708 2087 773 2148 τῶν
796 2081 960 2162 ἁρμάτων,
994 2083 1043 2148 Εἰ(
1066 2085 1085 2148 ὃ
1109 2083 1334 2164 ἐπικεκύφαειν

188 2191 313 2270 ἡνίοχοι
337 2191 476 2256 ἐλῶντες
500 2213 572 2256 cnm
595 2213 624 2255 v.
648 2189 714 2255 854
729 2212 810 2274 sqq:
834 2189 945 2256 Ἄλλοι
969 2191 1005 2255 δὲ
1031 2191 1277 2272 βαρβαρώτερον
1301 2193 1337 2259 ἐκ

188 2301 255 2362 τῶν
279 2301 392 2378 εοφῶν
415 2297 597 2376 ἀνθρώπων
621 2296 712 2362 enoc
735 2295 906 2376 τυγχάνειν
925 2295 1065 2376 ἅρματοε
1084 2299 1212 2375 λέγουει
1231 2320 1335 2380 πεφυ-
1440 2369 1447 2381 ,

189 2407 290 2471 κέναι·
321 2406 363 2470 (b
387 2407 422 2470 δὲ
446 2408 505 2469 τοῦ
528 2404 646 2485 δίφρου
669 2404 707 2468 τὸ
732 2403 831 2484 ὀρθὸν
853 2403 951 2469 ξύλον
975 2399 1135 2483 ἀττρὰβην
1160 2406 1243 2483 λέγε.
1289 2405 1337 2473 Vt

191 2533 257 2576 non
281 2511 324 2575 sit
346 2510 480 2576 dubium
508 2510 585 2600 quin
608 2509 762 2575 Plautino
791 2510 921 2576 saeculo
945 2509 986 2574 ad
1009 2509 1095 2575 idem
1119 2511 1186 2576 fere
1208 2512 1336 2580 vehicu·
1371 2533 1374 2538 ·

190 2618 296 2683 lorum
323 2639 426 2704 genus
450 2615 634 2683 ‘astrabac’
658 2639 721 2701 qno
746 2616 926 2700 posteriore
950 2618 1057 2682 astate
1080 2616 1213 2683 ‘sellae'
1238 2623 1355 2704 atque¹

190 2725 356 2791 ‘lecticae’
384 2725 613 2810 pertinuerint:
650 2724 689 2790 de
721 2723 838 2809 quibus
868 2723 1009 2788 conferri
1037 2728 1147 2808 potest
1174 2724 1335 2792 Beckerus

191 2831 280 2896 Galli
302 2835 326 2896 t.
349 2831 400 2896 ΙΙΙ
423 2853 454 2916 p.
477 2831 582 2916 baqq.
605 2832 652 2896 ed.
675 2833 749 2896 tert
772 2827 984 2916 (quamquam
1007 2830 1036 2895 is
1059 2831 1162 2916 ipsius
1186 2833 1336 2898 astrabae

192 2961 259 3004 non
289 2938 394 3024 magis
428 2937 626 3003 mentionem
657 2937 782 3003 faciens
815 2959 912 3022 quam
943 2935 1173 3023 Marqnardtus
1200 2939 1335 3026 Antiqu.

193 3046 273 3131 priv.
297 3043 329 3109 lI
352 3067 383 3129 p.
406 3045 471 3110 319
487 3066 556 3130 sqq.
585 3045 649 3110 328
665 3043 758 3132 sqq).
803 3044 981 3110 Verbosius
1010 3065 1108 3128 qnam
1140 3045 1270 3130 planius
1304 3052 1337 3114 at

189 3151 373 3218 distinctius
397 3152 436 3216 de
458 3152 592 3216 astraba
614 3145 796 3216 Sdhefferus
820 3151 889 3236 egit
903 3149 958 3216 ‘da
976 3173 1011 3216 re
1030 3151 1223 3218 vehiculari'
1238 3153 1336 3220 lib.II

189 3261 295 3345 cap2
314 3260 398 3325 conl.
411 3259 436 3344 I,
453 3260 503 3324 10.
518 3295 558 3304 -
579 3257 609 3324 A
629 3257 859 3324 ‘clitellarum’
883 3259 992 3322 autem
1015 3258 1148 3324 notione
1170 3260 1335 3344 profectus

190 3368 286 3452 longe
309 3367 536 3433 infelicissima
558 3367 743 3432 coniectura
766 3383 904 3450 magnus
928 3363 1074 3449 Scaliger
1096 3365 1238 3452 aliquam
1257 3366 1335 3435 ‘Oli-

189 3471 369 3537 tellariam'
399 3473 544 3539 fabulam
573 3473 680 3556 finxit,
712 3495 810 3557 qnam
841 3472 905 3539 alio
937 3472 1069 3537 nominc
1099 3473 1234 3540 eandam
1265 3497 1336 3541 csse

190 3601 263 3644 cnm
288 3579 430 3645 Astraba
453 3580 516 3646 sibi
538 3579 715 3665 persuasit,
746 3579 896 3664 plurimis
921 3583 1030 3645 autem
1052 3579 1198 3646 versibus
1223 3603 1240 3645 a
1264 3579 1336 3647 ‘ci-

191 3684 354 3750 stellaria'
381 3687 520 3771 prolatis
551 3687 585 3752 in
607 3687 893 3774 grammaticorum
921 3687 1013 3752 libris
1042 3685 1159 3752 ditavit
1181 3686 1265 3750 mira
1289 3686 1335 3752 in·

114 3779 115 3782 ¹
190 3793 423 3877 temperantia:
445 3815 513 3859 non
535 3794 693 3880 cogitans,
715 3817 812 3879 quam
836 3794 880 3858 sit
902 3793 981 3872 baec
1003 3793 1076 3878 ipsa
1094 3789 1279 3858 Cistellaria
1301 3792 1336 3857 in

192 3899 354 3965 codicibus
385 3900 506 3965 nostris
538 3901 663 3966 mutila.
722 3900 904 3986 Parumque
934 3899 1110 3985 prudenter
1138 3897 1232 3964 illum
1262 3920 1335 3966 cum

193 4006 307 4071 ceteris
331 4007 482 4072 omnibus
506 4008 558 4072 vel
581 4005 758 4074 Muellerus
782 4011 910 4073 secutus
933 4011 984 4073 est
1007 4007 1079 4073 adn.
1099 4007 1139 4073 ad
1155 4005 1335 4072 Varronem

191 4133 221 4195 p.
248 4111 319 4176 145.
365 4112 467 4189 Quem
496 4115 602 4180 locum
631 4137 759 4182 omnem
781 4119 851 4180 tam
874 4116 969 4200 plene
994 4115 1105 4181 videor
1127 4115 1162 4179 in
1184 4112 1335 4196 Parargis

191 4215 353 4283 Plautinis
377 4241 407 4304 p.
434 4219 496 4284 159
511 4243 579 4306 sqq.
602 4224 774 4306 tractasse,
806 4225 843 4287 ut
865 4222 999 4287 verbum
1027 4244 1094 4288 non
1117 4218 1257 4303 amplius
1281 4219 1334 4284 ad*

190 4323 265 4390 dam
292 4328 422 4410 practer
449 4327 577 4392 landem
599 4327 788 4414 Ladewigio
816 4327 960 4394 debitam
988 4329 1030 4393 ob
1058 4325 1236 4392 rectissime
1264 4347 1335 4410 per-

191 4435 334 4516 spectam
372 4433 542 4498 veritatem
578 4433 613 4498 in
649 4433 753 4500 Musei
777 4433 879 4500 Rham
915 4435 991 4502 novi
1028 4438 1050 4499 t
1079 4433 1128 4500 111
1165 4430 1207 4520 (a.
1233 4433 1333 4520 1845)

190 4560 221 4623 ρ.
245 4538 311 4605 525
326 4561 395 4626 sqq.
418 4536 514 4626 (conl.
537 4562 567 4624 p.
582 4539 649 4606 540
672 4537 767 4627 adn).
783 4577 825 4586 —
848 4539 955 4626 Ipsius
978 4539 1088 4607 Plauti
1110 4563 1212 4608 necne
1235 4540 1334 4611 fucrit
