3274 5114
272 352 337 418 202
632 369 845 416 nnndnnnra
870 368 1055 416 rusvrnm.

271 535 302 598 p.
321 514 374 598 31,
396 513 431 578 2:
456 511 603 598 ‘bacar,
626 535 684 578 uas
708 513 870 580 uinarium
893 511 1000 578 simile
1022 511 1180 578 bacrioni’
1204 510 1316 601 (quam
1335 515 1416 582 hacc

269 620 446 704 praecedit:
458 619 656 686 ‘bacrionem
669 620 819 686 dicebant
832 640 934 706 genus
948 620 1035 686 vasis
1049 621 1206 706 longioris
1217 624 1415 712 manubrii’):

269 727 399 812 quicum
431 729 569 794 afiorum
601 727 835 812 glossariorum
863 749 957 794 voces
986 725 1198 812 tbaccarium,
1229 753 1287 796 vas
1317 754 1416 816 aqua-

269 833 375 918 rium',
399 833 550 920 ‘bacario,
574 834 695 900 urceoli
714 833 838 920 genua',
861 835 926 900 ianr
946 833 1090 920 Scaliger
1110 835 1300 920 composuit.
1337 837 1415 904 Inde

270 941 356 1006 enim
383 942 516 1007 ductum
544 941 674 1008 fabulae
702 963 817 1007 nomen
845 964 939 1008 nemo
963 965 1030 1008 non
1052 943 1141 1008 videt
1163 941 1313 1009 debuisse
1337 919 1414 1010 ‘B'a-

269 1049 406 1118 cararia’
430 1071 509 1134 esse,
532 1071 597 1116 nou
620 1048 788 1115 ‘Bacaria’.

576 1405 665 1474 VIII.
707 1406 785 1473 BIS
813 1405 1114 1474 COMPRESSA.

360 1569 469 1636 Vnum
499 1569 579 1634 haec
609 1569 719 1636 fabula
749 1573 867 1634 testem
896 1569 996 1635 habeb
1020 1569 1055 1635 L.
1079 1567 1227 1652 Accium,
1256 1593 1275 1634 a
1298 1568 1416 1634 Plauto

271 1677 362 1742 illam
382 1676 633 1742 abiudiconiem:
658 1675 748 1742 cuius
769 1677 867 1741 verba
884 1677 978 1762 posui
997 1677 1057 1742 sub
1078 1677 1260 1743 Aaronom
1298 1675 1418 1742 Confer

272 1783 311 1850 de
335 1806 374 1850 ee
395 1783 524 1870 Parerg.
547 1807 578 1868 p.
605 1785 676 1849 138.
703 1785 764 1848 147
789 1783 883 1849 dicta

683 2137 739 2203 IX.
780 2139 1008 2206 ΒΟΕΟΤΙΔ.

838 2298 859 2351 Ι.

361 2424 414 2489 Ad
438 2424 529 2492 bano·
546 2425 692 2491 fabulam
715 2424 857 2492 Gelliani
880 2425 996 2510 capitis
1018 2425 1083 2509 III,
1110 2425 1131 2490 3
1154 2424 1348 2510 principium
1371 2425 1419 2489 in-

273 2535 402 2618 legrum
425 2535 565 2618 special,
589 2532 673 2618 qnod
697 2535 747 2598 esi
769 2532 836 2597 bule
859 2531 1034 2598 secundum
1058 2555 1142 2616 eom,
1165 2553 1263 2616 quam
1286 2531 1417 2616 Pererg.

273 2662 304 2724 p.
328 2640 368 2706 81
385 2661 453 2724 sqq.
477 2639 709 2723 commendavi,
732 2639 941 2722 scripturam:

362 2763 501 2829 ‘Verum
529 2785 598 2829 esse
626 2763 820 2848 comperior,
847 2765 932 2848 quod
961 2763 1117 2848 quosdam
1145 2764 1226 2829 bene
1254 2763 1418 2828 litteratos

272 2871 422 2938 homines
441 2871 545 2937 dicere
564 2869 684 2954 audiui,
702 2869 758 2955 qui
776 2870 946 2955 plerasque
964 2870 1073 2936 Plauti
1091 2871 1275 2937 comoedias
1294 2870 1420 2936 curiose

274 2983 370 3063 atque
403 2979 553 3044 contente
581 2977 773 3062 lectitarini,
805 2998 870 3042 non
898 2977 1059 3042 indicibus
1087 2978 1172 3042 Aelii
1200 2999 1259 3042 nec
1283 2975 1420 3062 Sedigiti

273 3107 332 3151 nec
352 3083 479 3150 claudii
496 3105 555 3150 nec
574 3083 699 3150 Aurelii
717 3105 776 3149 nec
789 3083 881 3148 Accii
895 3105 954 3148 neo
967 3083 1095 3149 Manilii
1108 3107 1206 3170 super
1224 3085 1276 3151 his
1290 3083 1420 3167 fabulis,

277 3213 360 3278 quae
378 3190 529 3257 dicuntur
547 3191 729 3277 ambiguae,
752 3191 956 3276 crediturum,
976 3190 1031 3255 sed
1049 3191 1113 3276 ipsi
1126 3189 1242 3257 Plauto
1261 3191 1420 3257 moribus·

275 3320 337 3383 que
360 3297 484 3384 ingenii
507 3301 605 3383 atque
627 3298 758 3384 linguae
783 3298 860 3363 eius.
889 3297 951 3364 hac
974 3298 1061 3363 enim
1080 3297 1191 3364 iudicii
1210 3321 1325 3364 norma
1340 3295 1421 3364 Var-

232 3393 244 3412 ⁸
275 3425 386 3470 ronam
419 3425 547 3490 quoque
578 3426 673 3470 usum
699 3404 854 3471 videmus.
895 3427 973 3470 nam
1001 3409 1129 3489 praeter
1157 3406 1232 3471 illas
1260 3427 1359 3472 unam
1387 3409 1421 3471 ei

275 3511 409 3598 uiginti,
431 3531 513 3595 quae
530 3507 792 3578 ¹‹Varronianae›
815 3515 986 3577 uocantur:
1015 3534 1095 3596 quas
1118 3512 1238 3578 idcirco
1262 3537 1282 3578 a
1305 3512 1420 3577 ceteris

276 3618 475 3706 segregauib,
503 3617 658 3704 qnoniam
686 3617 839 3683 dubiosae
866 3639 932 3684 non
956 3622 1063 3704 erant,
1093 3617 1148 3683 sed
1172 3641 1330 3686 consensu
1353 3641 1421 3685 om-

274 3727 366 3794 nium
389 3725 498 3792 Plauti
527 3747 597 3790 esse
625 3725 853 3791 censebantur:
882 3726 1038 3810 quasdam
1060 3725 1140 3790 item
1164 3727 1245 3793 alias
1267 3727 1421 3811 probauit

276 3834 432 3900 adductus
453 3833 510 3912 filo
535 3835 631 3917 eique
654 3833 773 3898 facetia
796 3832 954 3897 sermonis
973 3829 1092 3898 Plauio
1111 3835 1328 3919 congruentis,
1351 3849 1420 3899 eas-

276 3961 337 4026 que
360 3940 427 4004 iam
450 3939 647 4028 nominibus·
660 3939 799 4004 aliorum
822 3941 995 4022 occupabas
1010 3937 1127 4004 Plauto
1146 3939 1337 4006 uindicauii:
1361 3939 1420 4005 sic·

275 4047 324 4113 uri
347 4047 454 4126 islam,
478 4067 575 4131 quam
597 4043 781 4128 nuperrime
805 4043 1001 4130 legebamus,
1025 4044 1076 4110 oui
1095 4049 1145 4111 esi
1162 4067 1280 4112 nomen
1299 4045 1421 4112 Boeo-

276 4155 341 4220 iia.
377 4175 453 4219 narn
477 4151 607 4218 cumin
629 4149 695 4215 illis
719 4172 783 4215 una
806 4154 838 4215 ei
860 4149 979 4236 uiginti
1001 4174 1067 4218 non
1091 4152 1135 4218 sii
1158 4157 1190 4218 ei
1209 4175 1278 4219 esee
1296 4151 1422 4237 Aquilii

276 4259 412 4344 dicatur,
434 4253 517 4325 bibil
540 4259 650 4324 tamen
664 4255 770 4324 Varro
794 4257 958 4323 dubitauit
976 4259 1055 4344 quin
1068 4259 1177 4325 Plauti
1194 4260 1288 4326 foreb
1318 4279 1420 4342 neque

276 4367 359 4433 alius
390 4368 560 4452 qnisquam
587 4388 653 4432 non
680 4363 864 4448 infrequens
888 4363 997 4430 Plauti
1025 4366 1127 4432 lector
1149 4363 1362 4447 dubitauerit,
1393 4364 1421 4428 si

276 4472 328 4537 nel
355 4469 416 4536 hos'
444 4473 532 4538 solos
561 4495 600 4538 ex
628 4495 666 4538 ea
688 4471 800 4537 fabula
822 4492 935 4536 uersus
959 4471 1161 4558 cognouerit,
1188 4469 1421 4556 quiquoniam
