3294 5104
301 367 366 432 304
571 386 812 446 ovansrronns
836 386 1172 435 ouonnrcuocrcnn.

301 525 594 609 *'Avrupuuiont
609 529 913 594 Antamoenides
928 525 1232 617 (Anrnnvnmns):
1256 530 1349 595 miles
1364 531 1445 595 Poe·

344 636 422 700 nuli.
468 634 551 702 Vide
574 635 660 700 infra
682 640 780 720 caput
802 636 835 700 ΙΙ
857 637 913 716 §6
943 639 990 717 [et
1008 635 1251 702 Fleckeiseuum
1270 637 1304 701 in
1323 638 1446 702 Annal.

343 742 456 826 philol.
479 748 558 810 torn.
582 741 690 809 ΧΟΙΙΙ
714 741 831 828 (1866)
854 765 883 826 p.
911 744 951 807 12
966 745 1035 828 sq.].

299 847 608 929 *Ἀντεραετυλίε
641 849 910 933 Anterastylis
943 846 1259 935 (Anrnassrvnrs):
1291 855 1445 918 meretrix

344 954 488 1019 Poenuli.
512 955 621 1036 [Falso
646 956 800 1021 scribitur
823 955 1057 1036 Anterastilis]

300 1060 547 1141 *Ἀντιδάμαε
571 1062 820 1127 Antidamas:
850 1061 978 1146 hospes,
1001 1060 1137 1126 Poenuli
1160 1060 1200 1146 V,
1226 1064 1253 1146 1,
1276 1064 1328 1127 22.
1353 1062 1391 1148 V,
1415 1067 1445 1148 2,

261 1220 264 1228 .
345 1169 396 1233 82.
420 1169 546 1234 8191.
570 1169 622 1234 95.
669 1169 800 1266 Quibus·
822 1167 902 1233 locis
931 1190 995 1252 quo
1022 1169 1141 1232 certior
1170 1169 1312 1234 nominis
1341 1170 1445 1236 forma

345 1275 411 1360 illa,
434 1298 472 1342 eo
496 1275 601 1360 magis
624 1275 708 1339 miro
732 1296 839 1340 errore
862 1295 927 1338 uno
952 1292 1049 1338 versu
1074 1275 1117 1338 85
1145 1273 1315 1339 Palatinos
1342 1276 1444 1341 libros

344 1381 465 1446 invasit
481 1381 723 1447 Auridamurcli
741 1377 951 1464 scripture*).
998 1379 1104 1456 Quare
1124 1380 1190 1444 iam
1209 1379 1377 1446 Acidalius
1396 1383 1444 1446 in·

344 1491 431 1553 serto
463 1494 497 1553 tu
528 1487 719 1572 pronomine
748 1489 794 1552 sic
821 1486 916 1551 illum
949 1485 1188 1551 conformabat:
1220 1485 1380 1569 Sr'qaide‘m
1412 1495 1445 1552 lu

343 1594 533 1660 Antrdomoc
554 1595 678 1676 quadris
700 1593 935 1675 udopwticium,
968 1592 1146 1676 simplicius
1175 1591 1314 1658 Bothius
1340 1593 1445 1677 Siqui-

342 1681 611 1766 dcmAnldiomoi
628 1725 655 1783 q.
670 1723 698 1766 c.
722 1699 890 1766 suadebat.
935 1697 1056 1763 Verum
1071 1700 1157 1764 aliud
1176 1700 1210 1764 in
1226 1699 1443 1766 Ambrosiano
1539 1731 1545 1742 ¹

344 1809 508 1892 apparuit:
532 1805 800 1890 ΑΝΤΙΒΑΜΑΙΙ,
824 1805 908 1890 quod
932 1826 998 1869 non
1021 1806 1142 1888 poteris
1160 1827 1227 1874 non
1245 1807 1446 1872 Antidamae

343 1913 566 1996 interpretari:
596 1935 730 1997 eamque
753 1914 891 1978 formam
915 1911 1045 1977 licuerit
1067 1912 1208 1977 fortasse
1231 1914 1351 1981 collato
1375 1914 1446 1980 (Jal-

343 2019 504 2083 lidumues
526 2019 656 2082 nomine
674 2019 784 2084 tutari.
832 2015 893 2081 Sed
913 2017 1127 2101 gravissimus
1146 2022 1256 2084 tamen
1276 2020 1445 2104 scrupulus

343 2124 397 2189 hic
424 2127 541 2207 restat,
568 2124 654 2208 quod
686 2125 739 2188 vix
763 2145 800 2188 ac
828 2145 868 2186 ne
896 2124 949 2186 vix
977 2122 1106 2207 quidem
1135 2125 1342 2208 perspicitur,
1369 2126 1446 2210 quid

342 2230 473 2296 tandem
498 2252 626 2296 movere
649 2233 780 2314 poetam
803 2229 954 2312 potuerit,
977 2233 1014 2293 ut
1036 2230 1121 2294 inter
1139 2233 1191 2295 tot
1210 2233 1358 2316 exempla
1379 2233 1445 2297 usi-

343 2341 431 2402 tatae
445 2338 636 2402 Antidornus
649 2335 781 2414 formae,
796 2336 831 2399 in
844 2335 955 2399 eadem
971 2355 1089 2399 scaena
1107 2340 1205 2420 atque
1226 2338 1305 2402 adeo
1324 2339 1447 2418 breuis·

343 2445 426 2508 simo
450 2445 491 2508 ab
514 2448 651 2528 utraque
674 2445 766 2526 parte
786 2441 957 2507 intervallo
974 2441 1149 2525 redeuntia,
1162 2442 1239 2508 'sinc
1253 2441 1321 2506 ulla
1334 2465 1442 2508 nume·

343 2572 452 2616 rorum
468 2551 519 2615 vel
539 2550 644 2635 gratia
665 2550 716 2614 uel
737 2549 932 2614 necessitate
956 2549 1055 2614 semel
1080 2549 1215 2612 alterurn
1235 2549 1326 2614 illam
1345 2550 1447 2616 adsci-

243 2681 248 2690 ·
343 2662 448 2722 sceret
469 2679 602 2740 prorsus
626 2655 815 2721 solitariam.
863 2653 925 2736 [cf.
948 2653 982 2720 O.
1006 2653 1040 2718 F.
1064 2653 1117 2720 W.
1140 2653 1257 2720 Mdller
1283 2656 1318 2721 in
1341 2655 1446 2723 Berol.

343 2763 466 2848 epham.
490 2784 600 2861 gymp.
625 2785 653 2828 a.
680 2763 763 2828 1867
788 2784 818 2846 p.
842 2761 930 2842 559]

299 2869 516 2951 Ἀντίμαχος
550 2869 804 2936 Antimachus
838 2865 1092 2954 (Anrrnncvslr
1124 2873 1225 2952 pater,
1260 2870 1445 2938 Aululariae

342 2977 398 3062 IV,
425 2978 474 3062 10,
497 2979 550 3042 49.
1235 2966 1236 2969 ¹

298 3082 491 3164 Ἀντιφίλη
524 3081 731 3166 Antiphila
762 3081 981 3168 (Aurrrrna):
1024 3083 1141 3148 mulier
1173 3083 1444 3150 Hautontimoru·

343 3211 451 3275 menu3
465 3227 502 3236 -
520 3183 671 3254 meretrix
690 3188 776 3272 apud
790 3189 973 3273 Turpilium
995 3211 1021 3253 v.
1036 3189 1101 3254 188
1118 3189 1212 3254 Ribb.
1238 3189 1302 3272 [Cf.
1326 3190 1444 3275 Opuso.

342 3295 375 3360 ΙΙ
399 3319 428 3381 p.
453 3297 540 3376 484.]

298 3405 484 3482 Ἀντιφῶν
507 3401 679 3486 Antipho
703 3399 886 3488 (Anrrrop
915 3425 1011 3468 senex
1042 3402 1158 3485 Stichi;
1183 3439 1224 3450 -
1256 3403 1446 3469 adulescens

341 3532 413 3576 curn
440 3510 589 3576 Eunuchi
608 3515 686 3573 tum
715 3509 935 3594 Phormionis3
964 3548 1006 3558 —-
1043 3511 1121 3576 item
1150 3510 1235 3594 apud
1263 3509 1440 3576 Caecilium

342 3641 370 3684 v.
388 3619 432 3682 30
456 3621 552 3702 atque
576 3617 786 3700 Anonymnm
808 3639 839 3700 p.
854 3618 896 3681 97
922 3617 1016 3683 Ribb.

297 3723 477 3791 Ἀπελλᾶς
503 3723 640 3808 Apella
663 3722 836 3810 (Arauros
850 3725 962 3790 fabula
984 3723 1099 3790 Naevii
1119 3723 1153 3808 (a
1172 3724 1256 3788 servi
1277 3721 1444 3809 nomine):

341 3833 397 3896 ubi
434 3831 631 3896 Ribbeckiur
669 3829 814 3895 codicum
853 3830 1042 3894 memoriam
1078 3830 1212 3912 Appeltr
1248 3829 1442 3894 servandam

340 3937 434 4001 duxit
457 3935 547 4002 Corn.
571 3959 600 4019 p.
625 3937 653 3998 7.
698 3934 919 4019 Frequentant
941 3955 1060 4000 nomen
1083 3935 1170 3999 tituli
1194 3935 1297 4000 latini.

297 4041 531 4121 *Ἀποικίδηε
557 4041 788 4124 Apoecides:
812 4061 909 4104 senex
933 4040 1071 4125 Epidici.

297 4150 573 4231 *Ἀργύριπποε
603 4147 850 4232 Argyrippus
879 4143 1129 4234 (Auovmrvs):
1157 4149 1346 4214 adulescens
1375 4148 1446 4213 Asi·

345 4277 463 4323 nanae.

369 4397 393 4464 *)
412 4367 554 4466 Singulari
579 4393 699 4448 artificio
723 4409 851 4447 cumeum
874 4393 934 4448 eiua
958 4393 1058 4449 erroris
1076 4393 1185 4465 aperire
1204 4393 1320 4449 Wexiue
1337 4393 1447 4449 studuit

302 4485 392 4539 Musei
411 4485 499 4538 Rhea.
519 4483 584 4538 novi
604 4486 625 4538 t.
646 4483 725 4550 11(a.
745 4484 825 4552 1842)
843 4499 870 4550 p.
892 4489 950 4538 1³5.
