3294 5104
286 317 350 380 358
707 329 755 376 uu
778 329 823 376 u·
837 328 1009 376 vanuoum

286 475 369 540 ieeto
402 496 439 539 eo
470 473 546 538 libri
576 493 710 538 numero
741 470 796 555 qui
827 470 867 534 ad
898 491 978 554 opus
1009 469 1194 536 uniuersum
1226 487 1311 534 xx1v
1339 468 1431 532 libris

288 580 555 666 comprehensum
571 581 706 663 spectat,
724 576 858 642 tametsi
872 578 1025 660 quattuor
1040 575 1081 640 ab
1095 575 1190 641 initio
1205 575 1281 640 libri
1300 575 1432 640 minime

287 691 365 754 sunt
388 689 428 752 ad
453 686 641 752 Ciceronem
664 684 786 768 scripti.

375 1005 521 1070 Primum
552 1009 660 1070 autem
687 1005 795 1070 laeum
818 1027 870 1070 res
892 1004 965 1089 ipsa
988 1005 1132 1090 loquitur
1153 1007 1432 1092 grammatioae

287 1114 469 1179 Varronem
497 1135 570 1178 cum
598 1113 732 1198 reliquis
761 1112 946 1178 auctoribus
974 1112 1126 1178 omnibus
1149 1113 1317 1200 tribuisse.
1363 1112 1433 1188 Quo

262 1221 371 1288 ilibro
391 1219 486 1284 facile
505 1219 702 1304 perspicitur
720 1219 813 1284 illum
831 1223 999 1304 tamquam
1019 1219 1212 1304 quibusdam
1230 1220 1435 1285 lineamentis

290 1349 362 1391 eam
386 1331 489 1410 artem
513 1327 733 1410 adumbrasse,
756 1345 853 1408 quam
872 1325 1003 1389 uberius
1023 1346 1095 1388 eum
1114 1325 1148 1388 in
1167 1343 1254 1391 xxrv
1273 1327 1309 1390 de
1327 1327 1434 1410 linqua

290 1435 391 1500 latina
413 1433 516 1517 libris,
538 1437 610 1498 tum
633 1432 681 1496 eis
705 1431 797 1496 libris
820 1435 1007 1516 persecutus
1031 1435 1081 1496 est
1104 1452 1184 1516 quos
1207 1432 1243 1498 de
1267 1433 1374 1516 linpua
1393 1434 1436 1498 le·

291 1542 358 1606 tiua
382 1541 434 1606 vel
457 1540 566 1624 potius
590 1541 626 1604 de
648 1559 785 1604 sermone
807 1539 905 1604 latino
927 1540 970 1604 ad
986 1539 1173 1604 Marcellum
1196 1537 1333 1622 scripsit.
1369 1539 1436 1604 Nec

290 1648 405 1713 desunt
427 1645 652 1712 Varronianae
680 1645 847 1710 doetrinae
877 1647 984 1710 certae
1013 1643 1099 1729 apud
1121 1645 1318 1729 posteriores
1342 1646 1434 1710 disei-

290 1755 453 1838 plinarum
477 1753 649 1838 scriptores
673 1757 778 1817 notae.
824 1750 968 1817 Isidorus
995 1749 1120 1816 enimI
1153 1771 1178 1816 e.
1212 1753 1232 1818 3
1259 1753 1437 1834 primordia

291 1862 338 1926 ait
358 1862 580 1943 prarriumtieae
602 1861 681 1924 artis
703 1859 822 1923 litterae
844 1878 1017 1924 onmium
1039 1859 1187 1936 existunt,
1215 1879 1292 1941 quae
1315 1859 1439 1924 librarii

290 1971 319 2031 et
349 1965 546 2030 calculatores
581 1967 758 2045 seqiuuntur.
799 1983 933 2044 quarum
969 1965 1135 2046 disciplina
1169 1965 1251 2030 uelut
1287 1969 1438 2047 prraedam

288 2071 511 2156 praenuntiem
533 2070 612 2134 artie
634 2069 777 2150 infantia
799 2072 851 2146 est,
873 2069 954 2134 unde
971 2074 1001 2132 et
1017 2089 1086 2134 eam
1105 2069 1205 2136 Varro
1224 2071 1439 2138 litterationem

290 2183 385 2245 uocat.
432 2177 576 2253 Quocum
604 2174 791 2240 conferendi
814 2173 1017 2260 Augustinus
1045 2175 1083 2239 de
1112 2175 1178 2240 ord.
1201 2175 1248 2260 Il,
1272 2177 1330 2242 35:
1362 2185 1440 2244 reate

292 2290 336 2351 eet
359 2285 414 2350 illa
433 2283 634 2348 librariorum
652 2287 681 2347 et
698 2283 891 2348 relationum
903 2283 1054 2366 professio
1071 2283 1152 2349 uelut
1167 2285 1319 2366 quaedam
1334 2307 1438 2368 praui-

292 2394 425 2456 uratlme
448 2391 594 2471 tietantia,
616 2410 711 2472 quam
735 2389 835 2456 Varro
858 2391 1073 2458 litterationem
1091 2396 1193 2456 necat:
1214 2412 1321 2474 praeeo
1338 2398 1441 2456 numm

293 2499 441 2580 quoriiodi
464 2497 640 2580 appelletur,
667 2516 731 2560 uon
757 2498 835 2562 satis
857 2498 892 2562 iu
909 2500 1088 2580 praeseutia
1110 2499 1221 2576 reeoto;
1255 2497 1439 2564 Marcianus

294 2603 343 2668 Ill
375 2625 406 2686 p.
438 2603 494 2686 50,
527 2602 582 2666 ubi
610 2600 709 2665 verba
736 2601 858 2667 faciens
886 2601 1106 2670 Grammatico
1133 2605 1205 2670 line
1234 2603 1342 2686 inquit
1363 2604 1442 2668 milii

184 2721 186 2726 ’
295 2710 447 2775 Rarriulue
477 2709 669 2773 litteraturae
697 2729 807 2773 nornen
837 2710 1013 2792 ammittit,
1044 2711 1185 2791 armauere
1216 2709 1366 2791 infantem
1394 2731 1441 2774 me

296 2817 510 2881 litterationem
532 2814 661 2878 voleurit
683 2834 875 2896 nuncupare,
897 2816 977 2880 siem
996 2817 1083 2898 apud
1104 2815 1237 2881 Graecos
1259 2839 1439 2901 γραμματι-

297 2919 390 3007 στική
407 2923 557 3005 primitue
570 2921 753 2998 uocitatum,
764 2920 869 3003 Asper
884 2918 1031 2985 Pulsohii
1045 2943 1075 3004 p.
1089 2920 1187 2984 1725:
1210 2943 1305 3002 quam
1320 2921 1441 3008 (gram-

297 3027 466 3113 maticam)
493 3029 652 3096 Terentius
675 3029 768 3093 etium
797 3027 896 3094 Varro
913 3030 1055 3110 primum
1076 3031 1112 3091 ut
1133 3027 1233 3092 adhue
1254 3031 1362 3094 rudem
1384 3053 1440 3113 ap-

291 3137 442 3220 pellatam
477 3156 538 3200 csse
573 3135 648 3198 elicit
679 3135 903 3210 litteraturam;
941 3132 1064 3196 Marius
1089 3131 1275 3198 Victorinus
1300 3135 1441 3200 eiusdem

298 3266 329 3327 p.
354 3243 438 3306 2451
464 3239 580 3328 (Gaisl'.
603 3241 696 3306 Mctr.
720 3263 750 3324 p.
774 3238 824 3325 2):
856 3244 892 3304 ut
919 3239 1054 3306 Varroni
1077 3239 1191 3324 placet,
1213 3263 1267 3306 ure
1285 3265 1442 3326 praeama-

300 3351 370 3432 tica,
392 3370 470 3432 quae
492 3370 513 3412 a
535 3349 623 3414 nobie
646 3347 821 3412 litteratura
843 3347 965 3424 dieitur,
988 3347 1115 3412 suintila
1137 3351 1181 3411 est
1202 3369 1402 3432 eorumquae
1419 3373 1440 3414 a

297 3456 407 3538 praetia,
439 3455 592 3520 laisareis
619 3453 849 3536 oratoribusque
876 3455 1020 3519 duuritur
1041 3474 1078 3519 aa
1095 3458 1187 3536 parte
1209 3456 1333 3520 naalma
1378 3458 1443 3521 eius

294 3564 466 3646 praecipua
489 3563 594 3644 estleia
615 3567 688 3626 aunt
710 3566 862 3644 quauuor,
892 3566 927 3626 ut
949 3562 1010 3644 urei
1032 3559 1146 3644 placet,
1173 3561 1314 3646 enatae,
1343 3563 1444 3646 naue,

304 3670 482 3754 multopere,
499 3666 675 3754 probare.*)
722 3668 832 3752 Atque
859 3667 939 3732 haec
969 3667 1078 3732 omnia
1105 3667 1166 3730 etsi
1191 3671 1305 3750 suapte
1329 3675 1445 3738 natura

303 3778 381 3841 talia
405 3781 493 3860 sunt,
522 3775 630 3860 qualia
653 3773 818 3858 potuerint
841 3775 939 3838 ctiam
963 3773 997 3836 in
1021 3772 1186 3836 alterutris
1209 3775 1245 3838 de
1268 3775 1377 3858 linqua
1399 3776 1443 3840 la

303 3886 370 3948 raa
394 3881 487 3944 libris
510 3879 659 3962 tractari,
687 3884 798 3942 tamen
826 3877 931 3942 omnis
961 3877 999 3941 de
1028 3877 1184 3963 singulari
1213 3881 1443 3946 commentario

303 3986 464 4055 dubitatio
487 3985 678 4070 planissimo
702 3983 887 4048 testimonio
911 3987 1106 4070 removetur,
1134 3986 1219 4070 quod
1243 4009 1260 4051 c
1285 3988 1345 4052 Gn.
1368 3985 1443 4052 Cor-

305 4253 341 4308 ad
364 4269 527 4323 graecorum
551 4249 708 4320 exemplum
726 4248 923 4319 magistrorum
943 4249 1127 4306 conformata:
1152 4251 1326 4321 prammatiei
1343 4251 1445 4316 estleia,
1471 4315 1480 4330 ⁸

305 4347 337 4395 ut
355 4341 452 4396 maurit
477 4339 577 4406 Varro,
602 4343 727 4394 eorntant
750 4340 782 4392 iu
800 4337 930 4405 partitae
948 4343 1091 4408 quatuor,
1116 4341 1240 4405 lectiam,
1262 4337 1445 4402 mamutium,

306 4429 498 4497 mundatione,
516 4429 628 4485 indum.
665 4428 795 4484 Testatur
812 4425 960 4484 Diomedes
978 4427 1005 4482 11
1022 4446 1050 4500 p.
1070 4433 1130 4485 421.
