3274 5114
275 379 340 442 252
644 397 698 442 uu
722 395 832 442 vmnu
857 395 1026 442 raaauru

274 538 411 622 rentiue,
434 561 499 604 non
522 539 631 623 potuit
653 538 717 603 nisi
740 538 779 603 de
802 537 922 604 talibus
946 539 1153 623 potissimum
1176 539 1333 625 cogitare,
1356 543 1418 606 sal·

273 648 340 709 tem
372 649 502 730 praeter
528 645 675 710 Laelium
704 643 964 729 Scipionemque,
994 645 1104 729 quales
1135 645 1274 730 exempli
1304 667 1418 711 caussa

274 749 392 818 Santra
415 752 599 838 designavit
618 751 807 836 Sulpicium,
830 751 1023 830 Labeonem,
1046 750 1272 836 Popillium*):
1296 756 1328 816 et
1346 757 1416 818 tans

273 861 343 922 tum
373 858 546 925 ‘maxime
568 880 637 924 acm
659 857 801 940 Scabiosa
823 859 977 940 Afrrboao
999 864 1028 924 et
1050 857 1082 924 0.
1105 857 1235 944 Loclto',
1264 859 1319 924 sed
1342 883 1417 926 eun-

273 966 346 1030 dem
370 964 451 1031 ‘aaa
473 967 602 1032 maltis
620 965 771 1032 nobilibus
787 965 990 1047 familiariter
1006 965 1133 1032 uiabse'
1152 967 1223 1050 ipse
1244 964 1417 1032 Suetonius

275 1072 357 1137 dixit
380 1095 410 1157 p.
425 1071 499 1156 205,
516 1073 544 1137 7.
589 1071 636 1137 Vt
659 1072 693 1136 in
715 1072 778 1138 hoc
800 1072 966 1138 meliorem
991 1094 1025 1136 se
1043 1073 1184 1138 Terentii
1208 1071 1417 1158 interpretem

274 1177 393 1243 Santra
425 1201 522 1263 quam
549 1180 599 1244 vel
628 1177 801 1244 Suetonius
828 1179 879 1243 vel
907 1177 993 1244 hunc
1020 1183 1149 1245 secutus
1171 1179 1320 1245 Donatus
1347 1199 1417 1265 ges·

274 1285 365 1350 serit:
389 1307 525 1370 quorum
548 1286 601 1351 hic
626 1285 672 1352 ‘ia
694 1282 780 1351 bello’
803 1285 903 1350 verba
926 1289 1072 1369 spectare
1096 1286 1137 1352 ad
1152 1285 1347 1371 Scipionem,
1371 1285 1416 1352 ‘ia

274 1390 346 1456 otio'
376 1392 416 1457 ad
444 1391 576 1458 Furium
599 1392 743 1476 Philum,
774 1390 820 1456 ‘ia
841 1389 971 1474 nepoti&
1001 1391 1043 1456 ad
1065 1392 1210 1457 Laelium
1234 1389 1417 1476 Sapientem

274 1501 443 1584 argutatus
467 1500 524 1563 est.
563 1498 766 1583 Quamquam
788 1519 855 1562 rem
874 1499 979 1582 ipsam
997 1519 1063 1562 non
1082 1498 1279 1564 intercedam
1299 1497 1326 1562 si
1346 1495 1418 1581 quis
1492 1509 1496 1516 '

274 1605 373 1669 menti
403 1627 480 1670 suae
505 1606 550 1670 sic
575 1605 742 1689 informet,
769 1609 806 1669 ut
830 1603 912 1670 ‘uon
935 1604 1073 1670 obscura
1096 1603 1199 1669 fama’
1223 1605 1287 1670 ista
1308 1627 1419 1670 revera

273 1711 313 1775 ad
330 1711 475 1776 Laelium
490 1709 736 1795 Scipionemque
755 1711 963 1794 potissimum
982 1714 1145 1795 spectasse
1164 1732 1223 1776 nec
1241 1715 1278 1776 ut
1293 1709 1419 1776 videtur

273 1817 486 1883 sine-ratione
503 1822 665 1902 spectasse
680 1821 821 1902 putetur,
836 1817 877 1882 ab
892 1817 943 1882 his
961 1820 1079 1901 autem,
1095 1815 1303 1884 dissimulans
1318 1817 1418 1882 animi

273 1925 477 2006 sententiam,
502 1923 714 2008 suspitionem
731 1922 901 1988 Terentius
921 1925 1070 1990 consulto
1091 1925 1136 1989 ad·
1150 1924 1232 1990 alios
1251 1923 1418 1989 deflectere

273 2030 430 2114 credatur,
448 2031 530 2095 tales
551 2031 679 2114 quidem
700 2052 875 2115 equorum
897 2031 1090 2096 auctoritate
1112 2035 1144 2096 ct
1163 2031 1270 2116 gratia
1288 2030 1419 2115 publica

273 2137 454 2222 promptior
473 2136 535 2221 ipsi
556 2135 651 2201 venia
668 2139 702 2204 et
719 2136 827 2222 gratia
846 2141 1038 2221 suppeteret.
1070 2135 1115 2202 m
1133 2137 1271 2204 fortasse
1285 2138 1334 2203 ita
1347 2157 1418 2202 sen·-

272 2245 356 2310 tiens
371 2240 545 2310 Suetonius
568 2242 775 2327 supersedere
799 2263 833 2307 se
857 2263 953 2326 posse
976 2242 1139 2309 refutandi
1161 2242 1297 2310 Santrae
1321 2265 1419 2329 opera

273 2349 409 2434 putavit.
423 2349 605 2415 —Rursus
625 2353 733 2415 autem
750 2348 830 2414 haee
850 2349 959 2414 omnia
977 2349 1055 2434 quid
1073 2351 1202 2416 tandem
1222 2351 1262 2415 ad
1279 2353 1418 2416 aetatem

273 2455 415 2521 Terentii
438 2454 673 2521 definiendam?
715 2452 818 2532 Quem
841 2478 914 2522 cum
936 2459 1015 2521 natu
1039 2456 1194 2522 maiorem
1219 2478 1317 2541 quam
1339 2455 1418 2522 Lae-

220 2576 260 2616 515
274 2563 353 2628 lium
381 2567 414 2627 et
436 2561 620 2647 Scipionem
647 2563 747 2629 fuisse
775 2585 856 2628 unus
887 2585 925 2629 ex
949 2563 1099 2628 omnibus
1123 2563 1308 2629 Fenestella
1331 2562 1422 2629 ‘eon·.

271 2669 438 2755 tenderit’,
470 2669 547 2755 quid
580 2675 630 2735 est
662 2691 782 2755 quaeso
810 2691 866 2735 cur
893 2669 989 2734 fidem
1016 2669 1206 2736 testimonio
1235 2669 1417 2735 certissimo

211 2799 215 2807 ·
273 2777 480 2862 abrogemus,
505 2776 591 2862 quod
614 2781 664 2842 est
685 2776 806 2843 codicis
830 2777 1049 2862 antiquissimi
1073 2777 1279 2861 eiusdemque
1303 2777 1416 2862 optimi

272 2882 427 2968 Pariani,
450 2889 522 2966 post
547 2884 644 2948 euius
671 2884 851 2962 maumas,
880 2883 1017 2948 nondum
1040 2884 1210 2966 quietura
1232 2889 1341 2966 atquc
1361 2885 1417 2948 ai-

272 2991 444 3055 cesimum
466 3009 587 3054 onnam
609 3009 768 3074 opresstan,
791 2991 921 3074 poetam
947 2989 1123 3055 excessisse
1142 2991 1221 3055 urbe
1240 2989 1416 3055 testantis?

273 3095 478 3162 Nouissimas
511 3095 540 3160 is
572 3095 754 3164 comoedias
787 3094 940 3160 docuerat
968 3117 1052 3162 anno
1081 3095 1159 3161 594:
1192 3101 1339 3162 mortuus
1367 3101 1417 3162 est

273 3223 338 3267 uno
365 3206 442 3286 post
465 3221 563 3285 anno,
591 3200 648 3267 cn.
672 3199 822 3267 Cornelio
847 3201 1021 3267 Dolabella
1043 3201 1085 3268 M.
1109 3202 1226 3269 Fulvio
1249 3201 1416 3269 Nobiliore
1449 3215 1455 3234 ¹

273 3327 346 3391 eoa,
370 3329 507 3391 quorum
530 3307 662 3374 nomina
685 3305 859 3374 Suetonius
882 3332 912 3392 p.
935 3309 1010 3394 211,
1036 3311 1076 3374 12
1098 3310 1221 3395 posuit:
1249 3313 1344 3376 natus
1368 3315 1418 3376 eat

273 3415 381 3500 igitur
398 3413 512 3479 eodem
534 3413 636 3479 ferme
659 3435 722 3498 quo
747 3411 855 3499 Scipio
878 3418 1033 3500 tempore,
1057 3416 1143 3480 vitae
1167 3439 1268 3482 annos
1291 3417 1419 3484 circiter

274 3541 329 3584 sex
353 3521 385 3583 et
407 3519 526 3605 viginti
545 3521 612 3586 sive
632 3521 774 3607 explevit
793 3522 861 3587 sive
880 3521 1000 3608 attigit,
1024 3522 1064 3587 ad
1084 3523 1290 3588 scribendum
1308 3527 1417 3590 autem

275 3625 412 3691 accessit
434 3647 537 3693 annos
560 3627 627 3694 fere
651 3629 850 3714 undeviginti
872 3633 978 3694 uatus.
1015 3629 1107 3706 Quod
1131 3613 1302 3696 cur'nimis
1321 3632 1418 3695 mira-

273 3733 382 3799 bimur
404 3734 438 3798 in
462 3756 514 3819 eo,
537 3757 632 3820 quem
657 3735 710 3801 ‘ob
733 3735 901 3821 ingenium
924 3735 957 3800 'et
979 3735 1117 3801 formam
1141 3759 1207 3802 non
1230 3737 1415 3803 institutum

273 3840 369 3905 modo
398 3841 593 3926 liberaliter,
621 3841 675 3906 sed
704 3845 737 3907 et
759 3845 908 3906 mature
932 3863 1029 3906 manu
1053 3841 1200 3924 missum'
1224 3867 1244 3908 a
1266 3843 1417 3912 Terentio

273 3945 405 4012 Lucano
431 3951 580 4013 senatore
602 3951 716 4012 narrat
739 3945 934 4013 Suetonius?
969 3945 1046 4012 Non
1069 3947 1236 4016 habebunt
1258 3951 1361 4036 igitur
1382 3951 1417 4016 in

345 4121 370 4190 ¹³)
389 4120 539 4176 Exclusum
557 4119 644 4190 igitur
662 4121 747 4178 etiam
761 4123 793 4179 L.
807 4121 921 4176 Furium
936 4122 1048 4178 Philum
1064 4141 1123 4180 csse
1138 4129 1263 4196 apparet,
1283 4142 1355 4182 anno
1370 4127 1417 4181 dc·

274 4229 350 4264 mum
370 4213 422 4264 618
442 4225 506 4276 coa,
526 4224 609 4279 quem
628 4224 692 4262 cum
707 4207 831 4279 Scipioni
849 4209 1000 4280 Laelioque
1014 4210 1140 4268 Donatus
1158 4213 1256 4282 sociat,
1275 4213 1371 4270 aeolis
1385 4217 1418 4270 ut

273 4297 356 4352 facile
379 4297 554 4368 intellegitur
576 4297 701 4353 versibus
720 4297 862 4353 Porcianis
881 4299 1022 4370 protectus
1041 4303 1095 4369 eet3
1120 4301 1188 4356 item
1203 4303 1359 4370 exclusum,
1382 4301 1417 4356 do

274 4403 329 4455 quo
347 4385 430 4441 facilc
449 4386 587 4456 quispiam
605 4387 719 4458 cogitet,
739 4387 785 4456 Sp.
800 4387 965 4442 Mummium
980 4388 1095 4444 fratrem
1110 4388 1233 4458 Achaici,
1251 4389 1376 4460 legatum
1391 4407 1415 4446 a.

275 4477 337 4542 608,
355 4473 390 4532 de
409 4473 488 4530 cuius
507 4474 606 4532 studiis
623 4475 742 4546 poeticis
760 4475 915 4536 identidem
933 4479 1004 4538 usto
1024 4477 1155 4536 Cicerone
1174 4479 1292 4536 constat.
