3288 5100
289 393 354 457 532
617 411 732 458 usone
756 396 901 459 i'nnno's
924 410 1104 458 runcisvu

288 551 440 617 Pliniano
464 553 531 637 illo,
555 553 610 637 qni
635 553 820 617 criticorum
844 554 976 639 ingenia
999 554 1177 618 etiamnum
1201 550 1372 636 exercet*),
1398 556 1437 617 ut

293 658 346 722 vir
379 663 571 742 persanatus
600 681 669 724 esse
697 660 859 744 videatur,
891 666 1142 725 consentaneum
1175 660 1237 724 erit
1268 660 1442 744 auspicari,

292 761 333 827 N.
343 763 383 828 H.
396 764 520 829 XXXV
535 769 554 846 ξ
568 767 622 829 11:
647 764 842 849 ‘Imaginum
863 787 972 830 amore
991 765 1146 850 flagrasse
1165 766 1320 849 quosdam
1339 770 1441 831 testes

293 877 370 936 sunt
394 874 523 938 Atticus
552 873 606 936 ille
631 870 796 936 Ciceronis
820 853 907 938 edito
937 872 975 937 de
1000 873 1040 937 iis
1063 873 1242 956 volumine,
1271 873 1312 938 M.
1336 879 1441 938 cumea

291 977 449 1062 (Ritschl)
486 977 591 1042 Varro
629 979 862 1065 benignissimo
899 980 1033 1045 invento
1070 981 1200 1044 insertis
1225 967 1439 1044 'voluminum

292 1107 425 1150 suorum
454 1085 646 1150 fecunditati
680 1087 959 1171 septingentorum
992 1087 1168 1152 illustrium
1201 1088 1310 1171 aliquo
1342 1086 1439 1151 modo

291 1191 450 1256 lwmiuum
465 1189 621 1277 (Ritschl)
644 1192 852 1276 imaginibus,
875 1214 940 1257 uon
964 1215 1080 1275 passus
1103 1191 1295 1257 intercidere
1318 1193 1439 1277 figuras

293 1301 350 1363 aut
369 1303 562 1363 vetustatem
587 1298 658 1362 aevi
678 1301 791 1362 contra
810 1297 958 1362 homines
978 1299 1099 1362 valere:
1123 1300 1272 1364 inventor
1295 1299 1439 1364 muneris

291 1406 391 1470 etiam
415 1404 464 1468 dis
488 1405 650 1488 invidiosi,
673 1404 800 1489 quando
825 1403 1104 1468 immortalitatem
1129 1427 1195 1468 non
1219 1407 1323 1470 solum
1341 1405 1440 1489 dedit,

292 1533 402 1575 verum
427 1511 523 1575 etiam
544 1511 577 1575 in
598 1513 704 1575 omnis
724 1515 826 1574 terras
846 1511 945 1592 misit,
968 1515 1005 1574 ut
1022 1516 1209 1594 praesentes
1229 1534 1298 1576 esse
1318 1513 1438 1596 ubique

211 1647 214 1653 ¹
290 1639 342 1682 cera
364 1619 398 1681 di
420 1615 548 1702 (Hertz)
572 1615 726 1701 possent’
773 1617 928 1681 Libenter
950 1618 1037 1680 enim
1060 1617 1183 1683 Hertzii
1207 1619 1338 1684 invento
1362 1620 1438 1683 sub-

291 1723 474 1808 scribimus,
502 1745 605 1807 neque
629 1727 739 1787 tamen
762 1723 858 1788 fateri
883 1723 983 1806 pudet
1004 1724 1100 1787 nobis
1124 1726 1303 1790 ante'illud
1327 1727 1438 1810 cogni-

289 1835 358 1895 tum
391 1834 595 1914 ‘praesentes
630 1851 700 1892 esse
728 1830 846 1914 ubique
878 1834 906 1892 ct
932 1827 1032 1893 cerni'
1065 1831 1234 1912 placuisse.
1281 1829 1436 1896 Fecundi-

289 1937 367 2000 tatis
396 1940 503 2000 autem
533 1936 699 1999 notionem
728 1935 767 1999 ad
796 1935 952 2000 librorum
976 1936 1014 1999 de
1037 1937 1234 2021 imaginibus
1258 1960 1439 2022 numerum,

291 2041 442 2125 quamdiu
471 2041 501 2105 is
530 2041 704 2106 secundum
728 2041 795 2105 cod.
820 2041 1068 2106 Atrebatensem
1093 2042 1133 2106 LI
1157 2043 1331 2128 ferebatur,
1356 2046 1438 2109 refe-

263 2149 455 2232 erebamus,
493 2171 578 2213 nnnc
611 2148 794 2233 quindecim
827 2148 983 2213 librorum
1017 2131 1155 2213 ambitui
1185 2150 1291 2214 minus
1324 2155 1436 2234 aptum

291 2255 483 2320 vocabulum
514 2256 552 2319 de
583 2256 742 2320 librorum
772 2253 901 2318 illorum
932 2259 1123 2340 argumento
1154 2256 1173 2318 i.
1198 2277 1223 2321 e.
1254 2256 1292 2320 de
1316 2256 1436 2322 hebdo-

290 2361 420 2426 madum
450 2363 516 2426 sive
545 2363 689 2446 ipsarum
718 2361 897 2446 imaginum
925 2363 1073 2426 ubertate
1097 2363 1242 2446 accipere
1266 2363 1438 2428 malumus.

291 2469 391 2544 Quem
420 2471 526 2534 locum
556 2469 785 2553 gravissimum
820 2467 875 2532 ubi
903 2489 975 2531 curn
1004 2465 1175 2532 Ritschelii
1210 2468 1438 2534 distributione

290 2576 495 2658 conferimus,
520 2575 633 2639 statim
657 2575 849 2638 offendimur
872 2595 919 2657 eo,
943 2573 1028 2657 quod
1052 2573 1332 2658 septingentarum
1357 2575 1437 2640 ima-

291 2682 402 2764 ginum
434 2703 602 2744 numerum
632 2702 697 2744 non
730 2681 818 2744 finite
849 2680 1011 2763 loquentis
1035 2679 1147 2762 Plinii,
1180 2681 1236 2745 sed
1266 2682 1300 2744 in
1331 2681 1437 2746 solam

290 2787 507 2852 multitudinis
538 2787 705 2852 notionem
736 2785 851 2850 intenti
882 2785 982 2850 luisse
1013 2789 1103 2850 ratus
1134 2807 1207 2849 cum
1235 2809 1273 2851 eo
1301 2809 1437 2851 numero

290 2896 501 2978 permutavit,
535 2893 590 2978 qui
624 2916 662 2957 ex
695 2897 819 2976 septem
852 2890 1109 2957 hebdomadibus
1143 2893 1309 2978 quaternis
1343 2892 1437 2958 denis

290 3001 382 3065 libris
406 3001 538 3066 tributis
561 2999 743 3065 necessario
772 2999 920 3063 efficitur.
967 2999 1170 3083 Quamquam
1194 3021 1275 3084 quae
1299 3000 1339 3065 ad
1363 3023 1435 3066 earn

290 3108 450 3171 rationem
474 3105 731 3190 amplectendam
745 3104 961 3180 ltitschelium
983 3111 1213 3189 permoverunt
1234 3129 1301 3172 non
1325 3111 1437 3172 carent

290 3213 521 3296 probabilitate
549 3217 646 3297 atque
674 3234 712 3275 ex
740 3216 832 3295 parte
861 3233 937 3278 uera
960 3216 1044 3276 sunt.
1090 3209 1323 3297 Septingentas
1347 3216 1435 3280 enim

175 3359 177 3366 ‹
290 3319 449 3404 imagines
469 3319 521 3384 vel
541 3322 670 3384 centum
689 3317 907 3382 hebdomades
923 3316 1106 3401 quindecim
1122 3317 1214 3382 libris
1234 3341 1306 3384 cum
1326 3321 1435 3406 aliqua

291 3425 522 3510 aequabilitate
550 3425 715 3508 dispertiri
745 3426 887 3508 nequire.
933 3423 1026 3489 Vnde
1054 3424 1193 3507 primum
1223 3426 1343 3490 librum
1371 3427 1437 3492 isa·

290 3531 442 3616 gogicum
470 3531 584 3614 fuisse,
612 3553 714 3615 eoque
743 3530 781 3594 de
810 3530 986 3614 septenarii
1014 3531 1142 3594 numeri
1167 3531 1198 3594 vi
1222 3537 1255 3596 et
1278 3531 1435 3599 facultate

290 3635 471 3702 Varronem
494 3637 686 3722 disputasse,
710 3659 792 3721 quae
815 3637 975 3721 excerpsit
998 3637 1121 3702 Gellius
1144 3637 1209 3722 III,
1236 3639 1285 3723 10,
1308 3661 1436 3706 summo

289 3743 358 3808 iure
378 3765 435 3808 suo
456 3743 571 3809 statuit
584 3742 791 3810 Ritschelius.
825 3744 938 3828 ltaque
959 3745 1216 3828 quattuordecim
1236 3745 1290 3828 qui
1310 3749 1438 3810 restent

288 3851 382 3915 libris
411 3874 476 3916 non
504 3851 578 3934 plus
606 3851 713 3914 minus
742 3854 892 3934 septenas
920 3850 1139 3915 hebdomades
1163 3855 1296 3935 propter
1319 3874 1435 3937 aequa-

289 3957 450 4022 bilitatem
478 3957 666 4022 tribuendas
696 3979 779 4039 esse,
807 3956 945 4040 indeque
973 3957 1153 4040 imaginum
1181 3979 1339 4021 summam
1364 3979 1434 4022 sex-

290 4067 456 4128 centarum
479 4063 647 4148 octoginta
670 4084 724 4126 sex
749 4063 895 4127 existere.
942 4060 1018 4144 Sed,
1048 4067 1141 4146 puto,
1169 4064 1239 4148 ipse
1263 4087 1291 4128 v.
1315 4063 1344 4127 d.
1367 4085 1435 4129 nou

290 4170 496 4253 diffitebitur,
528 4168 770 4253 aequabilitatis
799 4173 832 4232 et
862 4169 1093 4234 concinnitatis
1122 4170 1201 4256 legi,
1234 4191 1332 4255 quam
1362 4191 1436 4234 cum

378 4415 403 4481 ¹⁸)
422 4415 462 4469 Ol.
483 4415 514 4470 0.
536 4416 648 4470 Iahnius
673 4413 702 4468 in
720 4413 857 4468 Gerbardi
876 4413 944 4468 diar.
965 4415 1103 4470 archaeol.
1123 4415 1177 4470 vol.
1198 4413 1264 4468 XIV
1283 4434 1310 4485 p.
1329 4421 1382 4469 220
1406 4419 1438 4471 et

289 4503 445 4557 Vrlichsius
464 4502 531 4562 ibid.
550 4523 577 4573 p.
598 4509 658 4560 266.
