3294 5104
485 404 727 465 ovsasrronas
752 403 1085 453 omousionoorcns.
1291 385 1356 450 335

212 547 359 632 exemplo
384 547 551 632 aliquanto
574 547 701 631 plenius
724 548 908 632 perspicere
932 544 1141 612 studeamus?
1187 543 1357 610 Sciendum

211 657 262 718 est
287 643 621 719 enim‘Plautinarum
645 653 772 739 quidem
797 677 1010 738 personarum
1033 655 1129 738 longe
1152 651 1232 716 adeo
1256 651 1356 716 maxi-

211 783 298 827 mam
329 765 454 846 partem
487 761 609 826 frustra
641 761 727 844 apud
758 760 897 845 Papium
929 760 1052 845 quaeri,
1089 759 1356 823 Terentianarnm

210 869 318 932 autem
351 866 470 932 idcirco
503 870 631 932 tantum
664 867 766 932 multo
796 865 968 950 minorem,
1001 865 1086 952 quod
1116 866 1144 930 is
1172 870 1271 949 poeta
1298 887 1357 929 nec

210 973 499 1039 usitatissimorum
522 973 690 1039 nominum
714 973 978 1038 consuetudinem
1002 971 1140 1037 excessit
1162 994 1222 1038 nec
1246 994 1357 1037 eorun-

210 1080 282 1144 dem
305 1080 341 1145 in
363 1079 498 1146 diversis
522 1079 641 1144 fabulis
661 1080 888 1164 repetitionem
907 1079 974 1144 ullo
994 1077 1090 1143 modo
1109 1078 1242 1165 fugit.*)
1282 1079 1357 1156 Qui·

210 1186 271 1250 hus
305 1187 427 1280 poetis,
440 1187 497 1251 ubi
527 1208 630 1270 pauca
659 1185 796 1251 aliorum
826 1187 1010 1270 fragmenta
1039 1186 1195 1270 iunxeris,
1227 1186 1357 1250 omissis

212 1293 340 1378 quidem
363 1292 462 1358 nimis
486 1292 537 1358 vel
560 1293 691 1357 incertis
715 1293 766 1358 rel
791 1293 951 1376 corruptis
970 1292 1175 1371 testimoniis,
1198 1315 1356 1358 novorum

210 1400 377 1464 nominum
405 1398 534 1464 circiter
556 1396 609 1464 CL
637 1398 879 1464 multitudinem
907 1399 1036 1483 prodire
1065 1422 1131 1465 non
1155 1400 1225 1464 sinc
1249 1401 1358 1485 aliqua

212 1506 384 1571 miratione
412 1505 594 1590 intelleges.
639 1505 752 1590 quue
779 1527 913 1570 numero
942 1505 1000 1571 illa
1028 1528 1094 1571 non
1116 1505 1357 1590 comprehcndi-

211 1635 297 1696 mus,
324 1634 405 1696 quae
434 1634 507 1677 cum
535 1612 640 1677 adhuc
669 1611 826 1696 singulari
855 1611 1043 1677 testimonio
1068 1613 1176 1697 aliquo
1199 1612 1359 1678 innotuis·

211 1721 297 1802 sent,
324 1739 392 1784 non
420 1740 497 1783 sane
521 1739 794 1802 supervacaneum
819 1740 836 1782 e
860 1719 1027 1784 comoedia
1049 1719 1153 1785 latina
1175 1721 1356 1783 firmamen-

211 1827 281 1887 tum
304 1824 462 1890 obtinent.
505 1825 622 1901 Qualia
645 1829 720 1888 sunt
743 1847 760 1888 e
784 1825 922 1910 singulis
944 1824 1212 1908 inscriptionibus
1232 1825 1359 1908 prolata

215 1929 421 2009 Γυμνάιιον
441 1929 653 2015 Cistellariae,
676 1929 855 2010 Ἐρώτιον
873 1929 1072 1997 Menaechm.
1096 1934 1129 1996 et
1148 1930 1287 2015 Turpilii
1307 1953 1358 2014 ap.

211 2034 296 2102 Non.
319 2037 399 2120 281,
423 2038 611 2103 Νικαείων
634 2037 762 2103 Afranii
792 2061 840 2123 ap.
864 2037 948 2105 Non.
971 2040 1035 2105 268
1060 2037 1258 2123 Caeciliiquc
1281 2037 1357 2103 ibid.

211 2145 253 2208 97
284 2148 316 2208 et
343 2144 422 2227 325,
445 2145 474 2208 2.
501 2147 554 2209 ll:
587 2146 639 2210 vel
672 2168 689 2210 e
722 2146 858 2231 singulis
889 2146 1031 2212 nummis
1060 2149 1163 2231 petita
1193 2145 1357 2212 thrvoc

211 2247 357 2328 Casinas,
381 2252 511 2316 Δόναξ
534 2251 616 2316 Ειιιι.
635 2253 666 2335 4,
691 2253 720 2336 ’1,
738 2253 768 2334 2,
792 2252 1039 2330 Φανοκράτηι
1062 2253 1179 2318 Heaut.
1203 2254 1233 2336 5,
1252 2253 1281 2334 5,
1304 2254 1357 2317 ll:

211 2356 262 2420 vel
299 2377 316 2419 e
351 2356 487 2441 singulis
521 2357 766 2441 epigrammatis
799 2357 968 2436 Δόρκιον
1000 2358 1130 2423 Ρ1ιοιιιι.
1161 2361 1193 2441 l,
1222 2359 1256 2440 2,
1287 2357 1358 2440 102,

210 2460 384 2528 Ἡδύλιον
408 2462 523 2528 Pseud.
541 2467 568 2546 1,
588 2466 617 2547 2,
638 2465 680 2527 54
705 2468 737 2528 et
756 2461 915 2528 Cornicul.
936 2486 986 2548 ap.
1004 2462 1089 2528 Non.
1108 2467 1182 2547 147,
1205 2464 1359 2542 (κίρτοι

212 2566 328 2653 Hecyr.
355 2571 382 2652 1,
405 2571 435 2654 2,
459 2570 489 2654 3,
512 2569 657 2636 Φάνιον
686 2568 817 2634 Ρ1ιοιιιι.
843 2572 870 2654 1,
892 2571 923 2653 4,
947 2571 998 2636 24.
1022 2572 1063 2636 41
1095 2575 1127 2636 et
1151 2569 1283 2637 Caecilii
1306 2593 1357 2654 ap.

211 2671 337 2739 Charis.
361 2676 417 2740 80:
450 2676 500 2740 vel
533 2698 571 2740 ex
603 2699 667 2742 nno
698 2675 885 2759 Antiphane
913 2679 1066 2758 Δωριάς
1094 2677 1190 2760 Eun,
1223 2701 1260 2742 ex
1292 2699 1356 2742 uno

210 2779 354 2848 Diodoro
383 2781 650 2862 Ἀρχιδημίδη(
678 2781 795 2847 Βιιοο1ι.
819 2783 848 2864 2,
872 2782 901 2847 3.
925 2783 956 2862 4,
978 2783 1014 2866 4,
1042 2805 1080 2846 ex
1107 2806 1172 2849 uno
1196 2783 1358 2848 Pausania

212 2889 436 2969 Μαχαιρίων
460 2889 567 2954 ΑιιΙιιΙ.
584 2889 614 2971 2,
629 2889 659 2972 9,
677 2891 709 2952 1:
733 2893 766 2952 et
788 2909 869 2971 quae
892 2887 925 2953 id
948 2909 1049 2973 genus
1074 2889 1139 2954 alia
1156 2911 1222 2954 non
1242 2890 1357 2974 exiguo

210 3017 343 3060 numero
374 2995 409 3059 in
438 2999 590 3079 promptu
621 2998 705 3059 sunt.
751 2992 797 3058 Vt
823 2993 906 3059 nihil
934 2994 973 3059 de
997 2995 1043 3058 cis
1067 2995 1186 3080 dicam,
1219 3017 1355 3080 quorum

210 3100 288 3166 bina
315 3103 366 3166 vel
393 3105 487 3167 terna
515 3101 662 3185 exempla
692 3104 812 3166 extant.
836 3138 880 3146 --
903 3099 1027 3165 Deinde
1050 3099 1113 3164 etsi
1136 3123 1202 3166 non
1225 3123 1357 3185 prorsus

211 3209 417 3290 exclusimus,
445 3213 555 3274 tamen
583 3231 656 3273 cum
684 3207 810 3272 delectu
838 3229 896 3272 nee
927 3208 995 3272 sine
1020 3207 1235 3273 dubitationis
1259 3207 1357 3293 signi-

211 3315 361 3380 ficatione
390 3315 583 3400 recepimus,
611 3336 747 3398 quorum
775 3315 978 3380 stralaticia
1001 3313 1148 3397 paullum
1172 3312 1356 3397 discrepans

211 3421 317 3486 forma
344 3442 410 3487 non
440 3445 456 3486 e
485 3443 601 3506 graeco
624 3422 772 3504 exemplo
796 3422 953 3504 ducenda,
984 3421 1040 3486 sed
1063 3419 1213 3487 licentiae
1236 3420 1356 3486 latinae

213 3526 344 3612 linguae
372 3527 543 3592 tribuenda
570 3525 740 3592 videretur.
786 3525 855 3591 Nec
882 3527 984 3611 igitur
1011 3527 1046 3590 in
1068 3526 1209 3591 indicem
1232 3527 1357 3590 rettuli·

212 3655 283 3697 mus
307 3632 524 3716 Ἀρχίβουλοι,
550 3633 758 3713 Χαιρίβουλοε
781 3632 902 3698 formas
926 3635 1060 3716 propter
1083 3633 1187 3696 latina
1210 3633 1357 3715 exempla

213 3738 487 3826 Chaeribulus,
515 3738 754 3804 Archibulus
782 3737 873 3803 Asin.
897 3737 926 3822 I,
953 3740 984 3822 l,
1011 3739 1086 3802 103:
1115 3759 1173 3801 nec
1196 3738 1358 3817 Δημιφιΐιν

211 3849 345 3930 propter
364 3844 553 3930 Demipho
573 3842 652 3912 dist.
671 3844 767 3910 Mero.
786 3843 926 3926 Phorm,
949 3865 1009 3909 nec
1027 3839 1239 3924 dnuvrtetrivu
1263 3865 1359 3928 prop·

282 4054 307 4124 *)
327 4054 432 4120 Quater
447 4055 476 4110 in
490 4073 538 4111 sex
552 4057 710 4112 fabularum
720 4057 950 4111 Terentianamm
965 4054 1090 4124 personis
1105 4053 1263 4110 Chremes
1277 4054 1358 4124 redit,

209 4147 253 4199 ter
272 4145 447 4211 Parmeno,
466 4145 602 4214 Dromo,
622 4145 790 4212 Sostrata,
808 4144 852 4199 bis
867 4144 1009 4212 Laches,
1028 4143 1149 4214 Hegio,
1170 4145 1276 4212 (trito,
1295 4147 1360 4198 An·

211 4234 323 4302 tipho,
355 4232 569 4301 Pamphilus,
602 4233 783 4299 Phaedria,
818 4233 914 4300 Geta,
951 4233 1068 4300 Syrus,
1097 4233 1220 4300 Davus,
1249 4231 1358 4298 Sosia,

211 4321 363 4378 Bacchis.
400 4321 483 4391 Apud
501 4321 632 4375 Plautum
656 4324 787 4389 quattuor
810 4324 920 4376 tantum
940 4321 1053 4374 nomina
1070 4319 1219 4375 iterantur:
1249 4320 1357 4375 Calli-

210 4411 280 4465 cles
304 4410 379 4464 Trin.
405 4411 499 4480 Truc,
524 4409 691 4465 Charinus
710 4409 793 4464 Mero.
813 4409 924 4478 Pseud,
949 4407 1148 4466 Charmides
1176 4409 1246 4466 Rud.
1272 4410 1358 4480 Trio,

211 4497 378 4567 Demipho
397 4497 462 4554 (list.
482 4499 566 4554 Merc.
