3294 5104
288 357 352 421 334
557 376 797 436 Qvnusnonas
822 375 1153 424 ononnronocrcnn.

280 537 468 601 graecorum
495 521 663 584 nominum
687 519 790 584 lexico
811 519 955 604 Papiano
979 519 1128 584 accedere
1151 517 1284 602 poterit:
1312 517 1426 582 sedin

280 624 326 688 eis
350 647 435 691 nunc
459 648 511 692 me
534 626 694 709 contineo,
718 647 799 709 quae
818 626 969 710 propiore
988 649 1061 691 cum
1080 625 1201 690 nostris
1221 623 1337 689 studiis
1357 625 1425 689 vin-
1482 683 1487 690 .

280 732 352 797 culo
376 733 549 798 coniuncta
572 736 656 797 sunt.
689 731 807 796 Mirum
831 735 881 796 est
904 733 991 796 enim
1009 733 1134 798 nullum
1154 731 1256 814 Papio
1276 731 1423 796 scaeni-

280 860 345 904 cae
368 840 498 924 poesis
522 840 673 904 latinae
697 860 790 903 usum
810 837 920 922 fuisse,
943 838 1148 904 Plautinae
1167 837 1374 920 potissimum
1393 841 1426 902 et

280 944 551 1030 Terentianae,
570 967 667 1030 quam
686 968 703 1010 e
722 945 846 1030 graecis
865 965 936 1008 esse
956 944 1111 1028 exemplis
1130 965 1315 1028 expressam
1329 965 1425 1009 nemo

279 1052 393 1115 nescit.
440 1051 654 1117 Personarum
678 1051 765 1116 enim
788 1051 922 1116 nomina
945 1051 1005 1115 etsi
1030 1051 1165 1115 Plautus
1189 1051 1425 1136 Terentiusque

279 1181 346 1223 non
370 1163 557 1225 constanter
580 1159 691 1225 eadem
716 1163 900 1242 servarunt,
923 1180 1003 1243 qnae
1027 1159 1061 1223 in
1084 1157 1252 1222 translatis
1277 1181 1297 1222 a
1320 1181 1353 1222 se
1376 1158 1424 1222 fa-

280 1264 364 1329 bulis
388 1271 610 1350 reppererant:
634 1265 739 1352 quode
768 1267 910 1330 breviter
934 1265 1055 1330 dietum
1074 1264 1180 1330 Musei
1199 1265 1278 1348 phil.
1296 1265 1313 1329 I
1331 1289 1361 1350 p.
1381 1267 1424 1330 48

281 1369 458 1457 [Parergon
472 1395 502 1456 p.
518 1374 610 1453 278]:
629 1377 738 1439 tamen
757 1373 834 1458 quin
849 1394 887 1438 ex
908 1394 945 1437 eo
963 1392 1080 1456 genere
1097 1372 1248 1437 universo
1262 1371 1425 1456 petierint,

279 1478 363 1562 quod
382 1478 560 1563 Menandri,
584 1480 794 1565 Philemonis,
816 1478 943 1564 Diphili
967 1483 1210 1564 ceterorumque
1229 1480 1424 1542 comicorum

280 1587 426 1670 exemplo
445 1589 478 1651 et
497 1587 689 1652 auctoritate
708 1587 900 1671 continetur,
925 1587 978 1651 vix
996 1586 1143 1670 estquod
1158 1585 1350 1651 dubitemus.
1380 1583 1426 1648 Et

280 1696 317 1756 ut
339 1692 497 1776 quaedam
521 1693 570 1758 illi
593 1716 653 1759 nec
675 1695 752 1759 hinc
775 1695 973 1778 sumpserint
995 1717 1054 1760 nec
1077 1717 1094 1758 e
1121 1716 1197 1758 suae
1216 1693 1333 1758 aetatis
1352 1713 1425 1757 con·

281 1799 449 1863 suetudine
478 1799 665 1884 asciverint,
694 1801 749 1865 sed
777 1801 841 1885 ipsi
870 1801 1022 1866 finxerint
1045 1802 1095 1867 vel
1121 1801 1219 1866 etiam
1243 1798 1427 1865 ioculariter

281 1903 435 1988 luserint,
467 1905 544 1989 quid
577 1906 697 1970 refert?
734 1908 830 1973 modo
863 1911 949 1972 recte
981 1911 1013 1972 et
1045 1907 1164 1973 rationi
1198 1905 1426 1972 convenienter

279 2010 440 2075 finxerint.
476 2010 526 2074 Ac
544 2010 665 2094 Papius
690 2033 762 2077 eum
785 2014 905 2079 ficticia
924 2015 1058 2079 nomina
1077 2013 1261 2079 comoediae
1282 2033 1425 2098 graecae,

280 2117 504 2202 Alciphronis,
532 2117 747 2203 Aristaeneti,
770 2117 912 2204 Lucillii,
936 2119 1109 2205 aliorum*)
1133 2120 1314 2185 rectissime
1337 2118 1425 2182 etin

245 2246 265 2286 v
280 2223 407 2290 lexicon
436 2227 612 2310 susceperit
640 2231 673 2292 et
701 2249 757 2292 our
780 2250 819 2292 ex
842 2227 1113 2312 appellativorum
1137 2249 1269 2291 numero
1294 2225 1426 2290 exemis-

281 2335 339 2416 set,
361 2333 462 2416 praef.
485 2355 516 2416 p.
535 2333 600 2399 VII
624 2334 818 2418 exposuerit,
841 2335 918 2420 quid
942 2337 992 2399 est
1017 2334 1149 2398 tandem
1174 2355 1239 2417 cur,
1262 2331 1339 2418 qnid
1358 2353 1426 2395 om-

279 2437 357 2502 nino
376 2439 409 2503 in
428 2438 491 2504 hoc
510 2461 627 2526 genere
646 2442 783 2518 licuerit,
802 2463 869 2507 non
887 2442 986 2506 etiam
999 2441 1152 2506 Plautino
1168 2438 1426 2523 Terentianoque

353 2701 378 2771 *)
397 2703 457 2759 Nec
475 2705 571 2760 tamen
589 2705 643 2762 sibi
661 2706 721 2776 ipse
741 2707 867 2762 constitit
885 2725 996 2777 prorsus
1015 2708 1144 2778 neglecta
1160 2703 1426 2774 Myobatracho·

280 2793 422 2847 machia.
461 2793 568 2849 Eodem
591 2795 665 2850 enim
683 2795 756 2864 iure,
782 2813 837 2866 quo
856 2795 935 2851 velut
953 2812 1087 2864 equorum
1106 2794 1313 2866 (praetermisso
1331 2795 1426 2848 tamen

282 2881 463 2952 Βουκεφάλψ)
489 2887 538 2938 ant
560 2884 675 2940 navium
699 2886 776 2940 certa
799 2885 913 2940 nomina
935 2901 991 2940 non
1009 2883 1038 2938 in
1057 2883 1306 2955 appellativorum,
1329 2881 1426 2936 sedin

280 2971 456 3039 propriorum
479 2971 569 3027 lexico
589 2974 741 3040 recensuit,
768 2973 822 3028 huc
845 2991 929 3028 ranae
948 2989 1096 3044 maresque
1114 2972 1258 3044 pertinent
1275 2971 1324 3042 qui
1342 2969 1427 3025 alicui

279 3063 382 3127 poetae
402 3078 452 3129 pro
471 3061 630 3116 hominibus
648 3062 769 3118 fuerunt.
797 3061 879 3117 illino
898 3061 985 3133 igitur
998 3061 1042 3116 his
1057 3062 1191 3132 exemplis
1206 3060 1427 3130 Onomatologns

283 3147 424 3216 Papiauus
442 3149 613 3219 supplendus
632 3155 687 3206 eet:
713 3151 981 3219 Ἀρτεπίβουλοε.
1012 3151 1229 3218 Ἀρτοφάγοε.
1259 3151 1427 3217 Βορβορο·

280 3235 406 3303 κοίτης.
445 3238 714 3308 Ἐμβαείχυτροε,
747 3241 981 3307 Καλαμίνθιοε.
1015 3242 1273 3307 Κνιεοδιώκτηε.
1307 3241 1426 3294 Koreo-

280 3323 392 3391 φάγοι
411 3325 476 3393 (vid.
492 3327 627 3383 librorum
641 3327 860 3398 discrepantiam
875 3345 919 3398 ap.
933 3329 1033 3384 Matth.
1054 3328 1090 3383 ad
1108 3346 1133 3384 v.
1148 3333 1201 3382 210
1216 3329 1294 3398 sqq.).
1319 3328 1426 3395 Κραμ-

280 3415 441 3481 βοφάγοε.
470 3418 726 3485 [Κραμβοβάτηε
750 3437 775 3474 v.
800 3424 852 3473 236
877 3417 930 3472 fide
954 3418 1051 3489 caret]
1079 3417 1319 3486 honoratione.
1356 3417 1427 3469 Λει-

279 3503 406 3570 χήνωρ.
422 3505 620 3573 Λειχομύλη.
636 3505 851 3574 (Λειχοπίναξ
867 3523 900 3561 ex
911 3505 1081 3577 Alciphrone
1091 3505 1426 3572 allatum.)hrnvl1croc.

279 3591 493 3662 Λιμνόχαριε.
514 3593 594 3664 [Fide
613 3596 692 3648 earet
710 3596 870 3662 Λιτραῖο(
888 3613 913 3650 v.
934 3596 1006 3666 Μ]
1027 3595 1258 3663 Μεριδάρπαξ,
1284 3595 1427 3661 (Όριγα-

279 3680 362 3734 νίων
386 3701 411 3736 v.
431 3687 483 3736 255
509 3699 542 3738 ex
561 3683 702 3740 Antonino
724 3683 869 3753 innotuit.)
886 3683 1098 3750 Πηλοβάτηῑ.
1131 3681 1202 3749 (Nee
1220 3681 1377 3750 Πηλείων
1401 3700 1427 3736 v.

282 3776 334 3824 206
357 3787 469 3840 prorsus
492 3773 786 3842 praetermittendum,
814 3776 846 3828 ut
869 3770 944 3842 quod
968 3771 1003 3826 ad
1026 3771 1113 3838 πηλός
1137 3769 1220 3824 simul
1238 3773 1268 3825 et
1285 3771 1427 3825 heroicum

279 3875 381 3913 nornen
403 3863 530 3928 spectet.)
553 3862 775 3929 Πολὺφωνοε.
808 3863 1008 3929 Πραααῑοε.
1035 3860 1293 3928 Πρααοφάγοε.
1321 3861 1427 3927 Πτερ·

278 3948 464 4014 νογλύφοε.
492 3949 798 4018 Πτερνοτρώκτηε,
825 3950 1088 4018 Πτερνοφάγοε.
1117 3949 1306 4004 (curtetur.
1335 3949 1427 4003 (ιτο-

279 4037 396 4104 φάγοι.
433 4037 690 4107 Τρωγλοδύτηε.
719 4041 931 4108 Τρωξάρτηε.
963 4039 1188 4106 Τυρογλὺφοε
1210 4038 1428 4106 (Τυροφάγοε

279 4141 331 4180 scr.
356 4124 437 4181 discr.
461 4143 487 4178 v.
511 4127 582 4196 222).
608 4129 866 4196 ‘Ytpopttouca
904 4129 1111 4197 “Ytptxoprc
1150 4128 1318 4194 Ὑψιβόαε.
1351 4129 1427 4182 Φιλ-

279 4221 397 4282 τραῑο(
415 4214 480 4284 (vid.
500 4215 599 4271 Matth.
619 4217 655 4270 sd
673 4235 698 4274 v.
718 4218 790 4286 aab).
809 4217 1029 4284 Φυείγναθοε.
1054 4215 1236 4285 Ψιχάρπαξ.
1257 4215 1428 4283 'Statuitur

280 4303 325 4370 (ol.
345 4305 484 4371 Ὤκιμον
504 4305 667 4374 Ὠκίμων),
706 4305 782 4372 Quae
806 4305 920 4361 nomina
943 4307 997 4362 etsi
1020 4307 1143 4362 dubitari
1166 4305 1264 4375 nequit
1286 4305 1353 4374 quin
1371 4321 1427 4358 uon

280 4391 409 4448 universa
431 4393 524 4448 locum
548 4413 628 4448 suum
653 4394 682 4449 in
706 4409 763 4448 una
781 4395 933 4465 eademque
952 4395 1082 4451 carminis
1101 4395 1178 4450 illius
1199 4393 1359 4448 recensione
1378 4393 1426 4447 ho·

280 4479 400 4548 buerint,
418 4483 515 4536 tamen
533 4483 562 4536 id
580 4482 672 4552 ipsum
691 4484 746 4538 huo
766 4482 879 4551 quidem
898 4483 969 4540 nihil
988 4483 1118 4554 pertinet.
