3274 5114
274 400 338 466 180
624 417 840 467 insensum
862 415 1050 466 maurum.

269 561 346 627 nalo
361 559 419 648 ΙΙΙ,
433 564 460 648 1,
479 564 519 630 18
534 562 586 626 ‘ne
600 567 658 629 tuo
672 585 733 628 nor
748 563 851 629 amori
867 583 977 629 seruos
992 581 1062 626 esse
1076 559 1222 624 addictos
1237 556 1413 645 censensu)
1523 551 1530 560 ’

269 667 364 753 dixit,
397 672 429 734 et
452 670 487 734 in
510 671 622 736 eadem
645 669 704 754 ΠΙ,
717 669 749 755 4,
766 671 806 735 10
820 668 878 756 (π
888 668 948 754 ΙΙΙ,
962 669 992 752 3,
1007 663 1065 754 94)
1088 665 1182 752 ‘quin
1205 687 1338 752 sequere
1361 689 1413 732 me

269 776 509 860 ergo::abduce
523 775 796 843 introzaddictum
809 775 923 860 tence',
932 777 1011 842 item
1025 776 1059 840 in
1069 773 1286 848 Bacchidibus
1296 774 1414 840 11205

269 883 455 984 ‘sequimini
471 907 479 947 :
494 883 622 949 :ducite
641 906 701 950 uos
720 907 783 970 quo
803 883 894 948 lubet
910 886 1078 968 tamquam
1093 881 1222 967 quidem
1241 880 1413 948 addictos':

269 992 322 1056 hic
344 991 474 1076 quidem
493 991 561 1056 eius
579 992 668 1072 vocis
687 1015 764 1058 usus
783 993 917 1058 dubium
933 1014 999 1058 non
1018 994 1068 1056 ert
1086 991 1165 1075 quin
1183 1011 1201 1054 c
1218 990 1325 1075 prisco
1344 990 1413 1054 iure

271 1098 358 1163 civili
382 1099 571 1178 manaverit,
594 1100 678 1184 quod
701 1101 842 1185 repetita
865 1097 960 1164 eXll
974 1099 1096 1165 tabulis
1119 1098 1277 1164 memoria
1289 1095 1413 1162 Gellius

271 1205 366 1289 quale
389 1203 488 1270 fuerit
511 1205 655 1272 declarat
677 1205 747 1292 XX,
772 1209 800 1290 1,
822 1207 867 1271 42
882 1227 949 1291 sqq.
973 1205 1055 1271 conl.
1078 1203 1149 1290 XV,
1175 1205 1226 1289 13,
1252 1204 1302 1290 11,
1325 1225 1342 1267 3
1365 1225 1414 1267 re·
1466 1205 1469 1212 '
1524 1277 1525 1280 Ἴ

269 1312 468 1377 certioribus
497 1316 604 1378 autem
633 1313 712 1378 iuris
735 1312 874 1379 Romani
903 1297 1155 1379 enarratoribus
1173 1315 1303 1396 praeter
1332 1311 1413 1377 alios

268 1419 399 1505 multos,
422 1441 558 1504 quorum
580 1420 716 1485 nomina
729 1418 862 1484 Reinius
887 1418 937 1484 ‘de
960 1419 1029 1484 iure
1051 1419 1181 1504 privato
1205 1421 1239 1483 et
1261 1439 1414 1502 processu

224 1523 226 1527 ’
269 1525 357 1590 civili
390 1525 629 1592 Romanorum’
661 1549 693 1611 p.
716 1526 782 1592 935
797 1547 865 1610 sqq.
898 1525 1078 1611 congessit,
1112 1523 1241 1590 uberius
1275 1525 1415 1609 explicat

269 1632 395 1698 Puchto
418 1633 666 1700 Institutionum
695 1637 715 1716 ς
741 1635 803 1700 179
832 1630 868 1720 (1
892 1632 925 1698 Π
951 1655 983 1718 p.
1005 1632 1071 1698 252
1086 1631 1154 1718 sqq.
1182 1631 1230 1697 ed.
1259 1629 1413 1716 quintae).

269 1738 323 1803 Ad
345 1739 429 1805 hane
452 1740 554 1828 igitur
576 1742 682 1828 legem
705 1739 836 1808 fabulae
859 1739 1107 1823 inscriptionem
1129 1737 1272 1804 referens
1286 1737 1413 1804 Forcel-

268 1847 365 1912 liuius
394 1846 535 1932 aliquem
569 1847 603 1912 in
632 1847 692 1912 illa
721 1845 779 1913 ‘ob
810 1869 863 1912 aes
894 1847 1035 1912 alienum
1060 1845 1210 1911 creditori
1233 1843 1413 1910 addictum’

269 1977 289 2018 a
311 1957 409 2037 poeta
432 1975 502 2018 esse
526 1953 692 2018 inductum
716 1954 904 2020 coniciebat.
941 1952 1098 2020 Potueret
1116 1953 1216 2018 etiam
1235 1951 1274 2017 de
1297 1974 1336 2018 ea
1358 1951 1414 2018 ad·

269 2059 410 2125 dictione
439 2061 595 2146 cogitare,
619 2081 701 2144 quae
723 2083 789 2126 non
813 2059 868 2125 ‘er
892 2061 976 2125 aeris
1000 2082 1038 2126 ac
1061 2061 1163 2126 debiti
1185 2058 1414 2144 confessione',

269 2167 325 2232 sed
353 2189 370 2232 c
395 2165 497 2233 ‘furto
526 2164 715 2232 manifesto'
741 2188 941 2251 'consequens
970 2171 1041 2231 erat
1067 2167 1206 2234 testibus
1230 2165 1334 2232 Gellio
1357 2165 1415 2251 Xl,

273 2275 323 2358 18,
346 2275 366 2340 8
391 2273 536 2360 Gaioque
562 2272 668 2339 instit.
691 2273 754 2359 ΙΙΙ,
780 2274 857 2358 189,
889 2274 1122 2357 interpretibus
1149 2294 1223 2338 cum
1246 2273 1321 2340 aliis
1344 2278 1412 2339 tum

271 2380 385 2447 Reinio
405 2382 482 2447 libri
502 2405 526 2450 s.
541 2406 610 2467 sp.
624 2381 690 2448 555
709 2385 743 2446 et
757 2381 812 2447 ‘de
831 2383 900 2448 iure
920 2381 1080 2447 criminali
1095 2378 1199 2446 Rom?
1213 2403 1244 2464 p.
1254 2381 1319 2447 296
1330 2404 1413 2468 sqq:

270 2510 334 2572 quo
358 2487 526 2556 Plautinus
555 2511 666 2556 versus
692 2490 837 2574 pertinet
858 2489 993 2556 Poennli
1016 2487 1073 2574 IV,
1096 2489 1131 2573 2,
1156 2489 1195 2552 ll
1232 2487 1352 2556 ‘furem
1376 2511 1414 2555 ac

270 2594 442 2680 fugitiuom
469 2597 609 2682 iuuenis,
637 2598 857 2682 uerberatum,
879 2598 1038 2680 uinctum,
1062 2595 1243 2662 addictum'
1266 2597 1414 2662 conlatus

164 2779 167 2787 Ι
271 2725 343 2768 curn
366 2701 429 2786 ΙΠ,
455 2704 487 2787 1,
511 2704 551 2768 61
582 2702 631 2768 ‘id
660 2702 839 2788 duplicabit
862 2725 956 2770 omne
980 2703 1117 2769 furtum:
1150 2704 1224 2769 leno
1249 2703 1414 2769 addicetur

269 2807 356 2874 tibi’.
393 2807 455 2875 Sed
477 2809 558 2875 haec
582 2833 658 2875 sane
682 2811 761 2876 furti
784 2833 890 2894 poena
912 2811 947 2876 in
971 2809 1126 2876 Graeciae
1150 2811 1279 2896 quidem
1302 2811 1413 2876 civita-

269 2915 372 3001 tibus,
405 2916 490 3002 quod
515 2918 669 3002 sciamus,
702 2918 752 2984 sui
780 2917 884 2983 simile
912 2917 1098 2983 institutum
1125 2940 1191 2984 non
1217 2917 1346 2982 habuit:
1378 2919 1418 2981 ut

269 3023 345 3088 hinc
369 3022 595 3108 depromptum
622 3046 742 3090 nomen
770 3013 823 3090 viri
846 3025 991 3109 potuerit
1018 3025 1053 3088 in
1076 3023 1221 3100 fabulam
1244 3024 1413 3109 palliatam

270 3129 391 3194 cadere.
425 3126 548 3195 Contra
566 3130 738 3214 debitores,
757 3130 813 3214 qui
832 3131 899 3195 aeri
920 3131 1073 3197 solvendo
1092 3153 1158 3198 non
1177 3135 1295 3215 essent,
1314 3131 1412 3194 etiam
1434 3215 1446 3226 ἡ

270 3241 347 3322 post
374 3234 504 3302 Solonis
533 3239 673 3302 aetatem
701 3235 785 3320 apud
814 3234 955 3303 Graecos
983 3238 1017 3304 in
1045 3239 1236 3303 servitutem
1265 3236 1412 3303 addictos

270 3365 340 3408 esse
364 3347 416 3408 sat
438 3343 536 3409 certis
559 3343 714 3428 exemplis
738 3343 895 3427 probatur
919 3366 1064 3410 anonae
1087 3344 1270 3410 comoediae
1289 3347 1413 3428 tempo-

270 3450 360 3515 ribus
374 3471 440 3515 non
454 3449 555 3515 nimio
570 3450 743 3522 intervallo
757 3449 964 3534 distantibus,
984 3473 1065 3536 quae
1080 3452 1181 3517 habes
1195 3451 1229 3516 in
1243 3449 1277 3517 O.
1287 3449 1413 3516 111111-

270 3555 380 3622 manni
403 3555 665 3641 Antiquitatibus
688 3555 743 3622 Gr.
766 3557 903 3643 privatis
927 3559 947 3638 ἓ
971 3558 1014 3622 57
1039 3581 1069 3643 p.
1088 3559 1153 3624 466
1177 3558 1250 3623 adn.
1264 3559 1309 3623 20
1332 3558 1413 3624 conl.

269 3687 300 3748 p.
319 3665 385 3728 464
409 3663 455 3729 ed.
480 3663 683 3731 Starkianee.
726 3663 799 3730 Huc
822 3665 923 3750 igitur
946 3669 1091 3747 spectare
1114 3665 1221 3748 potuit
1244 3663 1412 3730 Menandri

269 3769 383 3835 fabula
409 3772 635 3850 l'lmtodpevoi,
668 3792 685 3834 e
718 3793 782 3856 qua
809 3769 941 3837 Caecilii
970 3769 1196 3836 ‘Polumenos'
1228 3792 1413 3855 expressam

270 3899 340 3942 esse
359 3879 483 3943 conieci
501 3878 632 3962 Parerg.
651 3900 681 3962 p.
694 3877 758 3942 160
772 3877 844 3944 adn.
882 3876 1085 3962 Quemquam
1109 3877 1209 3943 etiam
1233 3877 1414 3961 simplicior

271 3984 499 4069 interpretatio
518 3985 553 4048 in
571 3987 726 4068 promptu
743 3982 824 4047 haec
838 3985 897 4068 est,
915 3987 952 4046 ut
965 3983 1049 4049 aeris
1065 3983 1161 4048 alieni
1175 3983 1266 4049 notio
1280 3983 1413 4050 omnino

342 4183 370 4249 4)
386 4179 631 4249 supervacaneum
645 4174 736 4232 videri
749 4177 844 4245 potest
857 4175 984 4231 additum
998 4191 1099 4244 saaca,
1117 4177 1201 4246 atque
1219 4176 1289 4233 adeo
1303 4178 1415 4248 praeter

270 4269 417 4326 veritatem
436 4267 571 4335 additum,
590 4265 614 4321 ei
633 4264 779 4320 audiamus
790 4263 1003 4329 Quintilianum
1022 4263 1056 4333 V,
1076 4271 1117 4334 10,
1136 4271 1171 4320 60
1190 4267 1220 4320 et
1237 4263 1297 4332 Vll,
1316 4271 1341 4331 3,
1361 4271 1410 4320 27:

270 4358 324 4412 uisi
343 4360 446 4426 tamen,
467 4356 572 4410 ‘utrum
591 4372 686 4412 seruus
704 4353 860 4408 efficeretur
878 4369 912 4408 ex
932 4353 1101 4415 addictioue’
1122 4369 1217 4421 necne,
1236 4353 1293 4408 iam
1308 4369 1325 4408 a
1339 4355 1413 4408 vete·

270 4445 347 4500 ribus
366 4445 523 4500 dubitatum
543 4461 603 4500 csso
622 4443 708 4498 Gaius
727 4441 828 4497 doceat
846 4442 893 4511 ΙΙΙ,
914 4447 971 4498 189.
1010 4441 1052 4496 Cf.
1071 4439 1200 4496 ltcinium
1220 4441 1291 4495 luris
1310 4439 1412 4510 privati

270 4551 298 4604 p.
317 4539 377 4588 654.
