3294 5104
842 1231 915 1313 Xl.

362 1388 414 1470 lle
442 1387 489 1470 M.
517 1386 694 1469 Terentii
723 1383 913 1467 Varronis
942 1383 1249 1487 disciplinarum
1277 1384 1396 1468 libris

703 1509 1059 1609 commentarius.*)

794 1796 913 1874 Osann
936 1797 963 1866 Ι.

844 1960 944 2050 st,

281 2121 291 2160 ι
395 2100 620 2164 Eruditionem
646 2122 744 2184 prope
769 2122 897 2165 omnem
920 2104 953 2164 ct
977 2101 1016 2164 a'd
1040 2101 1275 2190 humanitatem
1299 2101 1452 2168 informa·

307 2209 428 2272 tionem
461 2229 555 2271 nemo
588 2207 693 2272 nescit
727 2207 768 2270 iis
802 2207 952 2290 saeculis,
986 2230 1067 2291 quae
1098 2209 1321 2272 consuevimus
1352 2209 1450 2272 modii

308 2316 379 2380 aevi
402 2314 534 2380 nominc
558 2314 843 2399 comprehendere,
875 2319 1020 2396 septem
1053 2313 1278 2378 liberalium
1310 2317 1451 2379 artium

306 2423 383 2486 orbe
413 2424 595 2486 coartatam
623 2443 701 2486 esse.
747 2419 796 2483 De
825 2421 942 2504 quibus
965 2421 1138 2505 potissima
1160 2422 1348 2488 testimonie
1371 2421 1452 2486 haec

381 2613 406 2681 *)
427 2611 539 2682 [Editus
556 2615 764 2683 programmate
783 2612 942 2668 academico
961 2613 1098 2668 Bonnensi
1118 2629 1142 2668 a.
1160 2620 1227 2668 1845
1247 2615 1287 2668 sic
1305 2614 1453 2684 inscripto:

309 2699 466 2755 ‘Natalicia
489 2699 689 2769 Augustissimi
707 2701 792 2771 Regis
810 2701 944 2756 Friderici
963 2701 1096 2755 Guilelmi
1115 2702 1188 2758 llll.
1204 2744 1233 2758 ..
1249 2746 1254 2758 .
1275 2704 1300 2758 d.
1320 2703 1371 2757 XV
1392 2704 1452 2758 Oct.

307 2806 332 2846 a.
352 2787 641 2844 croiocccxxxxv
665 2789 887 2844 concelebranda
911 2789 1011 2844 indicit
1033 2789 1063 2844 F.
1083 2789 1115 2844 lt.
1154 2791 1251 2845 Insunt
1270 2791 1453 2855 Quaestiones

307 2877 517 2934 Varronianae'.
547 2877 721 2946 Bibliopolas
741 2878 860 2933 traditus
879 2878 985 2948 prodiit
1003 2878 1033 2932 in
1048 2877 1200 2948 publicum,
1219 2880 1399 2950 inscriptione
1414 2879 1453 2933 sic

306 2969 428 3022 mutata:
445 2967 498 3020 ‘De
508 2967 546 3020 M.
558 2966 682 3021 Terentii
692 2967 824 3022 Varronis
833 2967 1043 3037 disciplinarum
1054 2968 1131 3023 libris
1141 2968 1356 3024 commentarius
1366 2969 1396 3022 F.
1407 2969 1451 3024 a)

307 3059 336 3110 ct
354 3056 508 3126 praemissa
525 3057 579 3110 hac
598 3057 732 3127 epistula:
764 3057 934 3111 ‘Fridericus
955 3057 1123 3112 Ritschelius
1147 3058 1269 3112 inclutae
1294 3058 1451 3112 litterarum

307 3144 467 3198 academiae
481 3145 643 3200 Borussicae
662 3145 744 3200 sociis
764 3145 846 3198 classi
865 3145 1013 3200 historicae
1032 3151 1061 3200 et
1079 3147 1416 3227 philologicaeascriptis
1431 3165 1451 3200 s.

308 3231 387 3296 Quod
404 3234 515 3302 adVos,
535 3234 588 3289 viri
606 3233 773 3304 gravissimi,
793 3234 865 3286 hanc
884 3251 968 3302 quam
988 3235 1093 3290 subieci
1108 3237 1227 3305 opellam
1244 3235 1315 3304 misi,
1333 3236 1363 3291 id
1377 3237 1452 3305 post·

306 3337 391 3389 quem
409 3321 493 3377 licere
512 3323 581 3377 mihi
600 3323 702 3376 Vestra
719 3311 872 3376 auctoritas
890 3323 983 3388 iussit,
1012 3342 1075 3378 cum
1098 3327 1253 3394 opportune
1277 3325 1367 3378 lacere
1391 3327 1452 3378 tum

307 3409 409 3463 debere
428 3412 457 3463 et
477 3410 611 3466 Vestrae·
618 3411 727 3482 gratiae
747 3413 776 3466 et
794 3428 856 3466 meo
875 3411 967 3466 officio
986 3411 1063 3466 visus
1082 3429 1151 3466 sum.
1190 3411 1263 3465 Nam
1282 3427 1345 3463 cum
1364 3428 1453 3479 nuper

306 3498 495 3567 amplissimae
514 3501 642 3556 societati
661 3501 778 3556 Vestrae
797 3519 842 3554 me
861 3517 920 3554 esse
939 3499 1124 3570 epistularum
1144 3498 1308 3554 commercio
1326 3497 1452 3552 iunctum

306 3587 472 3656 voluissetis,
491 3589 561 3643 etsi
580 3590 647 3658 quid
666 3591 799 3646 haberem
818 3607 873 3659 quo
892 3590 990 3660 augeri
1008 3590 1133 3660 optimae
1151 3589 1263 3642 litterae
1282 3587 1452 3655 viderentur,

305 3675 334 3730 id
355 3679 385 3729 ut
403 3677 554 3732 Vobiscum
573 3679 807 3734 communicarem
826 3682 953 3733 auctores
973 3678 1042 3732 milri
1061 3677 1252 3732 exstitissotis:
1276 3677 1344 3745 quid
1363 3676 1452 3746 magis

306 3781 365 3818 esse
381 3768 595 3820 consentaneum
610 3768 705 3836 potuit
718 3785 803 3836 quam
819 3770 847 3822 ct
863 3769 917 3822 Vos
932 3769 1092 3836 exspectare
1106 3767 1165 3819 tum
1180 3765 1332 3819 honorifico
1347 3763 1452 3818 indicio

306 3855 338 3906 ut
362 3853 462 3907 saltem
488 3854 642 3909 voluntatis
667 3857 798 3925 prompta
823 3855 1025 3925 significatione
1051 3869 1106 3906 non
1131 3852 1278 3922 iudignum
1303 3870 1347 3906 me
1374 3868 1451 3920 prae-

306 3939 423 4008 starem,
446 3945 475 3995 et
493 3959 538 3995 me
562 3941 636 4010 grati
656 3959 705 4010 pro
724 3945 783 3996 tam
802 3943 944 3998 luculenta
962 3941 1159 3996 benevolentia
1177 3941 1265 3996 animi
1283 3940 1452 3996 testificandi

306 4031 487 4100 impatienter
501 4029 674 4085 occasionem
690 4034 824 4102 captare?
852 4032 942 4104 igitur
956 4031 1038 4100 aequi
1052 4030 1173 4100 bonique
1192 4047 1296 4100 quaeso
1315 4027 1452 4084 consulite

306 4120 382 4188 quod
391 4119 486 4188 Vobis,
505 4119 560 4174 viri
578 4121 824 4190 praestantissimi,
843 4121 984 4176 levidense
1003 4119 1196 4175 munusculum
1217 4118 1318 4174 obtuli:
1338 4117 1451 4188 quodsi

307 4208 386 4262 nulla
404 4208 461 4262 alia
481 4208 583 4264 virtute
603 4209 855 4276 commendabitur,
880 4209 955 4264 haud
974 4210 1031 4265 scio
1050 4226 1087 4264 an
1105 4209 1229 4278 aliquam
1247 4225 1265 4262 a
1284 4207 1370 4262 Vobis
1389 4224 1452 4276 gra-

307 4297 375 4352 tiam
395 4296 458 4366 ipsa
477 4296 514 4351 sit
532 4299 690 4366 argumenti
713 4299 923 4379 opportunitate
942 4299 1089 4353 initurum:
1114 4299 1226 4368 quando
1248 4313 1303 4349 non
1326 4295 1450 4350 iniucun-

308 4387 374 4439 dum
404 4386 487 4439 l'uerit
511 4389 653 4454 tamquam
678 4386 846 4440 incunabula
872 4401 967 4440 aarum
992 4388 1095 4441 artium
1122 4387 1271 4456 respicere,
1300 4401 1372 4453 qnae
1394 4385 1452 4438 iam

309 4473 422 4528 adultae
449 4490 511 4528 eum
540 4475 619 4528 tanta
646 4473 788 4530 litteratae
813 4473 941 4544 Europae
969 4475 1051 4530 larrde
1072 4476 1173 4530 Vestra
1197 4473 1343 4544 praeclara
1367 4491 1453 4542 opera
