3302 5106
734 1390 828 1473 Xll.

271 1561 323 1644 Da
352 1561 398 1644 n.
426 1515 603 1646 terentii
633 1561 821 1645 Varronis
850 1560 1091 1664 logistoriois
1118 1515 1240 1642 libris
1250 1563 1295 1664 *).

298 1975 388 2040 Inter
415 1976 582 2060 praeclara
609 1975 732 2060 ingenii
760 1977 793 2038 et
821 1973 1012 2039 eruditionis
1037 1970 1260 2039 Varronianae
1284 1997 1351 2039 mo·
1366 1989 1404 2030 111

208 2085 372 2166 numenta,
392 2105 473 2167 quae
488 2089 671 2168 temporum
686 2081 806 2148 iniuria
824 2082 919 2147 nobis
939 2079 1064 2163 invidit,
1078 2102 1112 2144 re
1133 2081 1269 2165 quadarn
1290 2082 1354 2145 sin-

210 2189 316 2272 gulari
340 2189 475 2254 duorum
498 2212 618 2275 genera
641 2191 797 2256 librorum
821 2189 976 2254 eminent:
1010 2210 1120 2252 eorum
1148 2187 1265 2270 quibus
1288 2208 1354 2251 non

210 2294 379 2380 simplicia,
403 2297 458 2360 sed
483 2299 612 2383 gemina
635 2297 769 2361 nomina
791 2317 850 2377 pro
874 2294 1035 2358 indicibus
1060 2293 1164 2357 indita
1188 2295 1264 2357 sunt
1286 2293 1353 2356 h.e.

209 2403 419 2466 satirarum
454 2407 486 2466 et
518 2403 839 2486 logistoricorum
874 2401 1040 2465 librorum.
1095 2399 1234 2463 Rursum
1268 2399 1353 2462 inter

210 2511 364 2591 utrosque
401 2507 523 2572 indices
560 2528 679 2592 magna
713 2506 841 2572 consilii
874 2506 1058 2571 constantia
1089 2504 1151 2570 hoc
1185 2505 1355 2570 intercedit

208 2611 412 2694 discriminis,
435 2611 519 2695 quod
544 2612 693 2676 binorum
716 2612 835 2677 satirae
855 2613 1008 2698 cuiusque
1027 2614 1195 2680 nominum
1215 2614 1353 2679 alterum

209 2739 280 2782 esse
304 2737 454 2800 graemm
479 2719 572 2802 solet,
594 2717 732 2783 latinum
757 2718 906 2802 alterum,
930 2719 1051 2804 singuli
1075 2723 1185 2784 antem
1208 2719 1285 2782 libri
1308 2719 1354 2783 lo·

209 2822 354 2907 gistorici
377 2823 463 2888 binis
486 2823 671 2889 nominibus
694 2824 807 2890 latinis
827 2825 981 2908 appellati
1001 2829 1084 2889 sunt
1103 2823 1166 2888 Et
1184 2824 1223 2888 de
1243 2825 1352 2889 satiris

210 2929 339 3014 quidem
362 2951 447 2994 nunc
471 2929 635 3015 disputare
658 2929 741 2995 nibil
766 2930 893 3014 attinet,
916 2951 975 2994 nec
997 2951 1118 3013 pancas
1142 2931 1223 2994 haec
1246 2930 1353 3013 dispu-

208 3037 290 3104 tatio
313 3038 365 3102 vel
389 3038 554 3104 cautiones
579 3037 630 3102 vel
653 3037 872 3102 dubitationes
896 3035 1009 3101 habet:
1033 3039 1159 3102 tantum
1180 3035 1274 3102 ia'cile
1297 3059 1352 3122 ap-

208 3149 314 3229 paret,
346 3145 452 3210 nullos
486 3145 616 3210 illarum
649 3143 771 3209 indices
805 3143 845 3208 ad
878 3143 967 3208 vivos
1000 3142 1147 3208 homines
1181 3145 1352 3228 pertinere.

208 3250 300 3326 Quod
328 3255 442 3316 contra
469 3251 730 3335 logistoricorum
759 3273 858 3315 unum
886 3272 1004 3316 nomen
1033 3251 1164 3315 ductum
1193 3255 1243 3316 est
1266 3275 1286 3316 a
1309 3273 1352 3335 re,

209 3357 348 3422 aiterum
373 3381 393 3422 a
410 3380 559 3442 persona,
584 3361 616 3421 et
640 3359 707 3422 eins
726 3357 854 3442 quidem
874 3379 1022 3441 persona,
1046 3357 1097 3421 cui
1116 3357 1199 3422 liber
1217 3351 1374 3444 quisquei
1389 3369 1467 3406 ‘²⁸¹¹‘
1531 3337 1551 3456 ’ν

210 3464 376 3528 dedicatus
400 3467 462 3527 est:
486 3465 521 3526 in
545 3485 608 3547 qno
632 3484 749 3547 genere
773 3463 956 3546 tenendum,
979 3483 1045 3527 non
1068 3464 1272 3549 gentilicium
1295 3422 1371 3530 nod·
1398 3435 1496 3528 dm
1514 3429 1529 3489 ’β’
1545 3433 1559 3492 '⁴⁸

209 3592 291 3653 men,
315 3570 369 3635 sad
394 3569 624 3653 propemodum
648 3571 834 3634 constanter
857 3589 1037 3654 cognomen
1060 3569 1155 3654 idque
1179 3572 1282 3635 solnm
1307 3572 1353 3636 in·

209 3676 317 3741 scribi.
359 3673 530 3740 Dedicavit
553 3677 662 3739 autem
686 3674 827 3758 scriptor
849 3674 910 3739 tali
933 3672 1070 3759 homini,
1093 3697 1166 3739 cnm
1190 3676 1280 3740 cuius
1305 3676 1352 3741 in·

208 3781 282 3846 dole
310 3782 470 3866 factisque
498 3781 608 3866 aliquo
637 3779 803 3846 societatis
832 3779 961 3845 vinculo
990 3781 1044 3845 rei
1073 3783 1233 3845 tractatae
1258 3801 1352 3865 argn-

210 3891 354 3954 mentum
378 3889 604 3953 contineretur.
636 3887 808 3953 Praeterea
827 3891 1080 3954 consentaneum
1100 3891 1149 3952 est
1168 3887 1276 3972 aliquo
1300 3889 1352 3954 vel

209 3995 369 4060 amicitiae
390 3997 440 4060 vel
458 3995 694 4060 familiaritatis
714 3995 764 4060 vel
784 3995 982 4060 reverentiae
1001 3995 1130 4061 vinculo
1149 3995 1255 4080 ipsum
1270 3993 1351 4060 Var-

208 4124 319 4168 ronem
348 4107 381 4166 et
408 4101 483 4167 illos
512 4101 701 4166 coniunctos
730 4101 844 4186 finisse,
867 4095 983 4187 quibus
1008 4103 1186 4169 honorifica
1209 4102 1350 4167 nominis

208 4209 419 4294 inscriptione
452 4207 690 4293 gratificaretur
726 4209 777 4274 vel
810 4209 953 4275 studium
986 4209 1216 4274 testificaretur
1249 4229 1351 4274 snum.

297 4439 323 4508 *)
357 4437 549 4509 [Prooemium
582 4435 684 4492 indicis
716 4435 873 4493 scholarum
904 4399 1084 4492 hibernarum
1112 4436 1297 4492 Bonnensium
1325 4453 1350 4490 a.

208 4525 500 4582 crolocccxxxxv
518 4527 548 4580 et
566 4523 729 4598 xxxiivi]
