3302 5106
588 349 860 398 nrscrrnrunavn
884 347 1008 397 amnis.
1306 332 1372 398 375

228 542 235 555 .
259 539 266 555 .
290 491 390 556 .olim
408 492 499 557 XVI
515 493 621 574 fuisse,
638 495 746 575 posteo
767 511 805 556 cs
826 491 980 573 superfluo
1002 491 1126 556 additas
1148 491 1232 558 alios
1254 492 1372 560 litteras

226 602 254 662 et
273 598 375 678 factus
394 597 532 664 XXIII.
555 599 699 666 tutemus
720 597 775 663 too
795 599 832 662 iu
856 597 944 663 libris
966 599 1009 662 ud
1030 599 1159 664 Accium
1182 599 1268 681 apud
1295 599 1371 666 Var-

226 725 340 782 ronem,
361 709 391 769 ct
412 725 466 770 uer
490 709 533 770 lot
552 707 617 770 siat
638 711 667 769 et
687 725 783 788 poure
804 725 837 770 eo
860 705 967 769 ordiar
980 705 1099 786 positae
1116 708 1146 768 ct
1162 723 1257 786 querc
1275 706 1370 772 isdum

225 811 401 876 nominibus
422 817 572 878 cosmum.
617 812 701 877 Item
724 835 754 895 p.
778 811 833 876 27:
873 811 972 876 Varro
999 812 1082 876 docet
1106 811 1143 876 iu
1170 812 1245 877 alius
1272 813 1369 898 tetris,
1384 839 1410 878 re

224 939 299 1000 quos
312 919 356 983 ud
362 919 492 984 Accium
500 920 631 1000 sorpsit,
644 916 890 1002 (liturosffl'l
898 918 1003 999 fuisse,
1011 923 1119 1001 postea
1134 923 1236 984 tamon
1245 919 1371 986 marusa

225 1030 254 1090 ct
273 1025 375 1106 sacius
397 1047 460 1092 csse
482 1025 621 1092 XXIII.
667 1021 821 1108 (Aliunde
848 1029 958 1090 tumen
985 1045 1134 1090 manasse
1157 1025 1308 1090 videntur
1331 1025 1370 1090 de

224 1133 398 1217 generibus
423 1155 439 1197 e
464 1132 609 1198 Varrone
632 1135 785 1215 excerpta
806 1155 837 1216 p.
863 1131 950 1216 143.)
991 1131 1124 1196 Hiscine
1147 1133 1254 1216 aptior
1277 1154 1368 1197 exco-

224 1237 322 1321 gitari
352 1238 441 1304 locus
471 1241 579 1322 potest
609 1259 707 1322 quam
737 1236 776 1301 de
806 1238 932 1323 origine
961 1238 1081 1302 latinae
1111 1239 1242 1324 linguae
1269 1239 1368 1304 libri?

225 1344 353 1427 quando
382 1367 442 1408 nec
471 1346 507 1410 de
533 1345 741 1428 grammatica
769 1343 879 1428 plures
902 1342 1008 1409 Varro
1036 1343 1153 1427 libros,
1184 1345 1241 1410 sed
1269 1368 1367 1411 unum

224 1450 422 1535 singularem
448 1451 644 1535 composuit,-
667 1471 727 1516 nec
750 1450 783 1516 in
807 1450 1047 1516 commentariis
1070 1450 1109 1514 de
1132 1452 1244 1538 lingua
1265 1452 1369 1542 latina

223 1558 344 1622 nostris
372 1580 411 1622 ea
439 1558 631 1643 disputatio,
663 1580 745 1642 quae
768 1559 898 1623 institui
922 1559 960 1622 de
983 1557 1102 1623 litteris
1125 1559 1247 1643 potuit,
1279 1559 1366 1624 ultra

223 1663 328 1746 ipsum
358 1665 500 1747 primum
529 1665 649 1730 librum
679 1669 789 1748 potest
818 1663 977 1748 producta
1006 1685 1085 1730 esse.
1137 1663 1236 1730 Vides
1267 1687 1364 1749 quam

223 1771 332 1834 omnia
355 1775 431 1854 apte
454 1771 540 1836 inter
564 1793 598 1835 se
621 1775 750 1855 coeant,
782 1776 819 1836 ut
842 1770 1022 1836 Varronem
1044 1772 1081 1836 dc
1102 1771 1220 1854 origine
1243 1771 1366 1855 liupuuc

223 1877 339 1942 aarum
357 1877 450 1942 libros
467 1879 511 1942 ud
522 1878 652 1943 Accium
670 1877 838 1962 scripsisse
857 1877 952 1942 nobis
971 1877 1229 1962 persuadeamus,
1248 1877 1364 1962 quibus

222 2005 260 2048 ea
288 2005 363 2068 pars
392 1985 638 2069 grammaticae,
669 2005 752 2068 quae
780 1987 831 2048 cst
858 1982 897 2047 de
924 1983 1057 2068 litteris,
1089 1984 1264 2068 praecipua
1288 2003 1364 2048 cura

220 2094 483 2174 pertractaretur.
516 2091 671 2168 Quocirca
686 2089 868 2156 coniunctis
882 2089 1058 2175 Diomedis,
1072 2089 1231 2156 Prisciani
1246 2089 1364 2174 ipsius-

221 2218 282 2282 que
297 2197 429 2281 Apuleii
451 2197 649 2264 testimoniis
672 2218 739 2262 non
761 2196 882 2280 poterit
903 2218 970 2261 non
988 2195 1099 2261 cedere
1118 2197 1218 2261 semel
1237 2199 1364 2261 tantum

222 2303 380 2388 singulari
417 2325 551 2368 numero
588 2306 857 2368 commemoratus
895 2300 980 2384 apud
1017 2301 1153 2366 eundem
1189 2300 1363 2385 Apuleium

221 2407 341 2492 lctcrf)
377 2408 446 2474 Neo
465 2409 516 2474 vel
535 2411 626 2474 aetas
645 2407 681 2471 L.
694 2406 788 2471 Accii
806 2411 923 2489 poetae
946 2409 1108 2490 repugnat
1125 2407 1177 2471 vel
1195 2407 1362 2491 ingenium

220 2515 399 2581 dissuadet:
431 2515 500 2580 seni
529 2515 629 2598 enim,
661 2536 757 2596 quem
779 2517 908 2579 constat
931 2536 951 2578 a
974 2512 1140 2578 doctrinae
1163 2513 1280 2578 studiis
1304 2515 1363 2578 mi-

220 2622 307 2687 nime
332 2622 473 2686 alienum
496 2621 611 2704 fuisse,
635 2621 764 2685 mittere
787 2619 893 2685 Varro
917 2621 1104 2686 adulescens
1127 2621 1245 2706 potuit,
1269 2643 1363 2707 quem

219 2734 346 2795 mature
370 2727 512 2792 scribere
535 2727 679 2810 coepisse
699 2727 779 2792 satis
799 2731 850 2792 est
869 2730 1129 2792 consentaneum.
1153 2727 1258 2803 Quin?
1277 2729 1363 2812 quod

219 2837 270 2900 rel
289 2834 475 2902 Ciceronem
490 2832 635 2898 Varrone
659 2833 828 2918 aliquanto
851 2835 1010 2899 minorem
1032 2835 1152 2899 scimus
1175 2853 1247 2898 cum
1261 2833 1362 2899 Accio

220 2943 459 3007 adulescentem
478 2941 673 3006 collocutum
693 2961 772 3006 esse.
804 2939 873 3006 Nec
891 2940 971 3006 illud
990 2941 1095 3006 iustae
1114 2939 1284 3005 offensioni
1303 2945 1361 3026 est,

219 3049 305 3134 quod
337 3049 372 3114 in
404 3049 523 3114 eisdem
557 3048 797 3114 commentariis
829 3047 932 3132 ipsius
955 3047 1061 3133 Accii,
1092 3052 1129 3114 ut
1160 3070 1177 3112 e
1203 3047 1361 3146 Prisoiani

219 3156 326 3222 verbis
346 3155 488 3240 discitur,
510 3157 632 3222 mentio
650 3158 738 3222 facta
757 3161 836 3222 erat.
868 3155 988 3222 Euhie
1008 3161 1116 3222 autem
1135 3155 1241 3241 magis
1261 3155 1360 3220 etiam

217 3263 426 3348 perspicitur,
451 3253 556 3348 'quam
584 3267 687 3328 semet
712 3263 881 3349 indignam
909 3263 1126 3328 coniecturam
1149 3261 1360 3328 Ruhnkenius

217 3370 421 3455 proposuerit
439 3369 523 3453 apud
543 3369 783 3454 Heusingerum
801 3369 909 3433 Mallii
927 3368 1089 3433 Theodori
1107 3369 1145 3432 de
1165 3373 1257 3434 metr.
1275 3391 1306 3452 p.
1317 3369 1361 3434 64

218 3476 336 3561 (Gaisf.
359 3475 452 3542 Metr.
475 3498 506 3559 p.
525 3474 603 3557 563)
628 3476 666 3539 de
681 3475 837 3540 Varronis
861 3476 904 3540 ud
925 3475 1063 3539 Atticum
1086 3475 1178 3540 libris
1201 3476 1360 3560 cogitans,

218 3587 329 3667 utpote
358 3584 410 3649 eui
438 3580 571 3669 (mirum
601 3580 704 3666 dictu)
732 3579 890 3646 Varronis
920 3581 960 3645 de
989 3582 1057 3646 vita
1087 3582 1197 3667 populi
1220 3581 1359 3646 Romani

217 3691 293 3756 libri
311 3690 459 3775 inscripti
477 3689 623 3755 fuissent.
657 3687 759 3765 Quam
780 3686 996 3752 coniecturam
1011 3689 1128 3753 merito
1143 3709 1215 3753 cum
1230 3685 1359 3752 Schnei-

305 3917 331 3985 *)
355 3916 466 3972 Similia
488 3921 553 3974 eunt
576 3919 705 3990 exempla
727 3919 794 3974 liter
816 3917 996 3987 epimaeridos
1013 3918 1147 3986 (mordis)
1164 3917 1193 3972 in
1211 3917 1358 3974 Itinerario
1488 3907 1498 3922 ’

215 4007 293 4062 Alex.
313 4005 350 4060 M.
370 4023 393 4060 e.
405 4012 429 4074 6,
448 4023 540 4076 aquo
558 4025 613 4064 non
632 4008 736 4064 diversi
755 4009 820 4063 libri
839 4009 950 4062 msulae
967 4007 1080 4078 Vegetii
1089 4007 1123 4076 V,
1135 4014 1181 4076 1¹3
1199 4006 1268 4062 item
1282 4008 1358 4078 apud

217 4093 375 4152 Charisinm
393 4111 421 4163 p.
443 4099 492 4148 11³
518 4096 660 4152 ‘inscribit
684 4097 772 4152 Varro
796 4098 897 4152 librum
919 4114 999 4151 suum
1016 4099 1049 4152 de
1062 4096 1224 4166 poematis',
1247 4095 1357 4151 collatis

215 4205 242 4256 p.
262 4189 305 4240 82.
334 4188 392 4238 105.
421 4187 484 4250 114,
510 4181 559 4237 ubi
577 4166 708 4239 Varronis
733 4185 804 4241 liber
830 4185 965 4240 secundus
992 4187 1022 4239 et
1045 4185 1145 4240 tertius
1170 4185 1203 4238 dc
1223 4185 1357 4252 poetridis

216 4271 476 4330 commemorantur.
514 4269 599 4326 Aliud
627 4271 784 4341 exemplum
811 4273 992 4330 recordabere
1019 4289 1034 4328 e
1062 4279 1121 4339 §⁷-
1162 4275 1195 4326 In
1222 4273 1357 4329 Macrobii

215 4379 327 4433 qnoque
345 4361 402 4417 Sat.
422 4363 443 4430 l,
464 4369 496 4417 16
520 4379 613 4417 errore
636 4361 763 4417 nituntur
785 4381 923 4434 naporum
947 4364 1025 4418 libri:
1053 4363 1088 4418 de
1111 4362 1263 4434 auguribus
1282 4363 1357 4419 enim

216 4469 271 4510 nno
289 4455 399 4510 tantum
418 4451 490 4508 libro
509 4451 612 4508 Rerum
631 4449 789 4507 divinarum
807 4453 896 4509 Varro
915 4453 1119 4508 commentatus
1137 4453 1186 4508 est.
