3288 5100
501 388 579 436 s1va
604 389 852 436 rrsaoounnvu
876 389 979 435 niani.
1247 370 1311 433 557

171 529 339 614 Aeschyli,
368 528 552 614 Sophoclis,
581 530 747 616 Euripidis
772 531 942 614 splendore
967 530 1088 594 maiore
1113 551 1189 593 sane
1210 529 1314 592 inter-

171 638 258 702 vallo
291 637 389 700 ceteri
424 637 540 720 tragici
577 638 841 721 relinquebantur
877 658 973 720 quam
1010 636 1051 700 ab
1085 635 1315 718 Aristophanis

172 741 404 828 Menandrique
437 743 526 807 fama
559 744 672 808 comici
705 744 811 808 ceteri,
861 744 952 828 Ergo
986 743 1013 807 si
1044 764 1110 807 non
1147 742 1315 825 pauciores

172 871 270 934 quam
299 849 438 933 quinque
465 849 596 914 fuerunt
618 851 761 914 solorum
792 857 962 933 poetarum
990 848 1221 930 hebdomades,
1251 869 1316 910 non

173 961 349 1040 potuerunt
371 979 443 1020 cum
468 957 574 1039 poetis
599 957 698 1020 etiam
723 957 912 1039 scriptores,
940 955 1057 1040 quibus
1081 955 1228 1038 prolecto
1252 974 1370 1018 noum

173 1063 254 1125 satis
279 1061 375 1144 spatii
399 1066 468 1126 erat
495 1061 527 1126 in
557 1062 769 1126 hebdomadis
797 1061 937 1144 duabus,
965 1062 1060 1125 unius
1090 1061 1165 1124 libri
1193 1061 1318 1125 ambitu

173 1168 332 1252 copulari:
365 1168 395 1232 id
426 1166 510 1252 quod
539 1190 637 1250 supra
666 1167 924 1251 anticipabamus
952 1169 1088 1231 tantum.
1130 1166 1252 1242 Quodsi
1280 1166 1319 1230 de

176 1281 268 1339 sexta
291 1275 492 1359 septimaque
515 1274 715 1340 hebdomade
739 1274 815 1339 libri
841 1273 924 1338 sexti
947 1273 1089 1356 quaeris,
1112 1273 1145 1336 in
1168 1275 1319 1356 promptu

174 1386 224 1444 est
238 1381 291 1444 vel
310 1382 349 1445 de
363 1381 563 1465 tragicorum
578 1381 704 1464 pleiade
714 1379 1009 1456 Alexandrinorum
1024 1377 1167 1462 cogitare
1178 1376 1319 1462 (quando

176 1487 274 1551 etiam
294 1488 327 1552 in
347 1488 421 1551 aliis
441 1488 598 1551 classibus
617 1487 711 1552 binas
730 1487 829 1551 fnisse
849 1487 944 1551 unius
963 1483 1080 1568 capitis
1099 1483 1319 1547 hebdomadas

174 1592 262 1656 infra
280 1593 517 1678 cognoscetur),
540 1592 591 1656 vel
614 1593 652 1656 de
676 1593 876 1676 poetriarnm
895 1592 1091 1656 Graecarum
1110 1589 1320 1671 hebdomade,

174 1697 224 1760 vel
249 1697 389 1762 fortasse
412 1700 450 1762 de
475 1699 580 1782 capite
604 1700 749 1763 miscello
773 1721 836 1782 quo
860 1699 949 1762 velut
971 1695 1207 1779 iambographi,
1231 1695 1319 1758 sillo-

175 1804 305 1888 graphi,
334 1805 593 1887 epigrammatici
622 1805 845 1868 subicerentur
868 1825 941 1867 cum
965 1802 1136 1867 similibus.
1173 1799 1339 1865 Percom-¹

174 1909 268 1974 mode
305 1909 405 1993 euim,
443 1915 479 1974 ut
516 1911 603 1993 ipsas
642 1911 761 1974 classes
797 1911 1012 1994 principales
1030 1909 1170 1991 septima
1206 1907 1319 1972 classis

175 2016 336 2097 miscella,
368 2017 416 2080 ita
449 2017 592 2082 eiusdem
624 2017 673 2080 vel
702 2017 817 2081 classis
847 2017 897 2082 vel
930 2017 1006 2080 libri
1039 2038 1094 2080 sex
1127 2015 1320 2098 principalia

175 2123 284 2206 capita
306 2122 386 2186 item
409 2122 590 2187 miscellum
609 2125 783 2207 septimum
803 2123 993 2206 excipiebat.
1030 2121 1124 2198 Quod
1147 2123 1175 2185 si
1199 2122 1320 2204 pariter

174 2230 405 2294 instituebatur
424 2229 458 2293 in
477 2229 612 2313 Luticia,
632 2230 671 2294 ad
691 2231 757 2293 tale
777 2234 875 2312 caput
893 2228 1005 2292 referri
1025 2228 1058 2291 iu
1078 2226 1162 2292 libro
1182 2228 1320 2311 septimo

176 2357 249 2400 cum
277 2335 348 2398 aliis
376 2333 519 2399 Lucilius
553 2337 674 2418 potuit,
707 2336 758 2400 cui
789 2341 877 2399 certa
909 2335 943 2398 in
971 2337 1058 2398 certo
1087 2353 1202 2416 genere
1230 2333 1320 2396 nullo

176 2441 267 2504 sedes
296 2445 387 2505 esset.
430 2439 477 2504 De
501 2440 633 2524 reliquis
657 2443 765 2504 autem
795 2440 958 2524 capitibus
988 2438 1064 2502 libri
1092 2438 1224 2521 septimi
1251 2439 1321 2502 noli

175 2547 243 2610 ullo
272 2547 367 2610 modo
396 2545 543 2610 dubitare
571 2547 649 2629 quin
677 2548 755 2610 satis
784 2547 940 2610 materiae
968 2545 1109 2610 Varroni
1138 2544 1320 2608 litterarum

175 2650 364 2715 Latinarum
394 2653 506 2735 copiae
536 2651 787 2736 suppeditarint,
820 2654 903 2717 unde
932 2653 1071 2736 quinque
1103 2650 1320 2716 hebdomadas

176 2757 318 2822 efficeret
341 2763 469 2841 praeter
488 2759 597 2840 epicos
619 2763 734 2841 poetas
755 2758 976 2835 Quinctiliano
1001 2758 1079 2821 duce
1098 2780 1196 2840 supra
1217 2757 1319 2820 nomi-

175 2870 283 2929 natos:
312 2863 408 2928 modo
437 2863 499 2929 duo
523 2887 564 2928 ne
588 2865 780 2930 obliviscare
808 2887 890 2948 quae
919 2865 982 2928 huc
1012 2865 1136 2928 faciunt
1163 2863 1321 2946 inprimis.

177 2971 264 3036 Nam
294 2971 434 3054 primum
463 2975 717 3035 consentaneum
747 2977 797 3035 est
824 2971 927 3034 multo
955 2971 1048 3034 illum
1075 2969 1254 3034 faciliorem
1287 2971 1321 3033 in

175 3077 226 3141 his
250 3100 284 3142 se
308 3077 412 3160 poetis
436 3077 646 3142 aestimandis
675 3074 813 3141 iudicem
838 3062 977 3162 gessisse
1001 3097 1098 3160 quam
1121 3075 1154 3138 in
1179 3073 1321 3158 Graecis,

177 3205 312 3266 quorum
337 3184 492 3248 honorem
517 3183 624 3249 dedita
643 3205 742 3268 opera
761 3204 938 3266 exaequare
958 3181 1178 3246 Romanorum
1202 3182 1320 3246 virtute

177 3289 283 3352 vellet.
324 3287 447 3354 Deinde
476 3295 584 3354 autem
614 3313 746 3374 prorsus
770 3295 819 3354 est
847 3289 999 3354 'credibile
1028 3311 1068 3352 ne
1097 3289 1320 3358 obscuriorum

176 3395 319 3478 quidem,
348 3399 385 3458 ut
411 3397 505 3458 nobis
527 3418 612 3460 nunc
641 3397 803 3480 videntur,
831 3395 1000 3458 hominum
1023 3393 1211 3459 Latinorum
1240 3396 1320 3460 ima-

176 3499 268 3582 gines
293 3499 333 3564 ad
359 3500 467 3563 vivum
490 3500 594 3566 factas
614 3524 766 3586 umquam
792 3501 947 3567 defecisse
966 3499 1146 3564 Varronem
1170 3501 1321 3566 intanta

177 3605 274 3669 huius
298 3607 426 3690 generis
451 3607 535 3689 apud
558 3607 723 3672 Romanos
748 3612 780 3672 et
803 3609 910 3693 gratia
933 3611 966 3670 et
989 3605 1179 3690 frequentia
1212 3609 1320 3691 Atque

177 3711 256 3776 adeo
276 3713 370 3776 nobis
394 3712 490 3777 hodie
513 3713 668 3795 perfacile
688 3717 737 3778 est
756 3711 896 3798 (experti
917 3713 1130 3802 affirmamus)
1150 3735 1187 3776 ex
1210 3735 1319 3777 eorum

177 3821 345 3902 poetarum
376 3815 568 3883 Latinorum
600 3819 801 3902 nominibus,
837 3841 974 3902 quorum
1011 3819 1159 3902 quamvis
1192 3823 1321 3884 tenuem

176 3923 367 3986 memoriam
390 3945 455 3987 non
483 3921 600 3986 invidit
627 3925 722 3988 nobis
750 3929 935 4009 temporum
961 3925 1130 4009 iniquitas,
1162 3929 1214 3990 tot
1241 3932 1321 4010 quot

177 4051 257 4112 opus
282 4033 359 4092 sunt
381 4028 601 4092 hebdomadas
625 4051 830 4114 componere:
860 4053 959 4095 unam
989 4052 1070 4115 quae
1095 4031 1198 4096 altera
1225 4032 1322 4097 luerit

177 4135 354 4219 epicorum:
374 4157 472 4199 unam
489 4135 706 4219 elegiacorum
726 4137 977 4222 lyricorumque:
996 4137 1195 4221 tragicorum
1210 4161 1320 4203 unam:

175 4239 307 4306 fabulae
331 4241 484 4324 palliatae
503 4241 609 4324 poetis
631 4241 771 4306 dicatam
790 4225 902 4308 unam:
926 4265 1023 4307 unam
1043 4267 1060 4306 e
1078 4243 1208 4308 fabulae
1227 4249 1320 4329 toga·

176 4351 238 4431 tae,
256 4347 438 4431 Atellanae,
457 4337 629 4411 mimorum
648 4349 753 4432 poetis
773 4353 1002 4432 constructam,
1020 4349 1083 4414 nisi
1102 4349 1185 4414 forte
1204 4349 1320 4417 horum

176 4453 307 4537 quidam
340 4453 380 4518 ad
414 4457 510 4537 caput
542 4455 722 4519 miscellam
754 4456 865 4520 reiecti
902 4459 986 4520 sunt
1035 4455 1121 4522 Nam
1153 4457 1320 4542 aequalem
