3288 5100
283 368 347 432 516
612 384 727 430 ainana
751 368 896 431 vnaao's
921 383 1096 432 insomnii

282 529 366 592 hanc
384 529 450 592 vim
468 527 604 592 haberet
622 531 658 590 ut
675 527 747 610 ipse
766 527 889 610 primus
912 528 995 592 liber
1012 550 1079 593 non
1098 531 1209 611 posset
1231 529 1427 612 praelationi

281 639 370 700 totus
404 635 519 718 tribui,
552 634 607 699 sed
640 634 762 718 aliquid
794 635 938 719 ipsarum
970 635 1150 720 imaginum
1183 635 1356 719 acciperet:
1392 637 1427 700 id

282 745 389 805 autem
413 764 510 825 quam
534 741 709 806 abhorreat
732 764 751 805 a
774 742 1082 825 verisimilitudine,
1105 764 1205 826 supra
1228 742 1425 807 declaratum

282 853 341 915 est.
377 847 534 924 Quocirca
560 870 625 912 non
659 848 880 912 dubitabimus
912 848 1063 912 liberiore
1096 871 1179 932 quae
1207 849 1241 914 in
1274 853 1426 933 promptu

281 959 331 1019 est
352 954 619 1038 interpretatione
642 955 690 1018 uti
709 953 869 1039 Gelliique
889 956 988 1020 verba
1011 957 1043 1020 in
1065 977 1136 1020 eam
1156 959 1283 1039 partem
1302 959 1426 1019 vertere

279 1066 317 1126 ut
353 1061 423 1144 ille,
463 1061 520 1124 ubi
562 1061 741 1126 subiectum
777 1061 912 1126 Homeri
954 1062 1090 1146 imagini
1127 1061 1330 1146 epigramma
1370 1062 1425 1126 ad·

280 1169 462 1250 lectamque
490 1167 529 1230 de
558 1167 645 1231 illius
674 1170 770 1253 atque
793 1168 927 1233 Hesiodi
955 1173 1061 1233 aetate
1091 1169 1345 1252 disputationem
1372 1188 1425 1231 ex-

280 1275 447 1358 cerpebat,
482 1297 548 1338 non
584 1296 712 1338 curasse
749 1275 961 1358 praemissam
993 1275 1143 1339 universo
1175 1275 1264 1357 operi
1300 1273 1425 1357 praefa-

280 1382 401 1446 tionem
431 1380 645 1464 existimetur,
678 1381 733 1444 sed
761 1381 900 1463 primum
928 1380 1047 1444 librum
1080 1380 1198 1444 dixisse
1229 1381 1284 1465 qui
1311 1403 1425 1464 reapse

279 1487 402 1570 primus
422 1490 508 1551 esset
526 1486 685 1571 imagines
703 1487 791 1569 ipsas
810 1490 1066 1571 repraesentans.
1097 1485 1187 1572 Ergo
1205 1487 1239 1550 in
1259 1487 1425 1552 seeundo

279 1595 401 1678 potius,
425 1593 452 1657 si
475 1592 515 1657 ad
540 1593 696 1658 amussim
719 1593 757 1656 fit
780 1593 978 1677 numeratio,
1005 1593 1192 1658 Homerus
1216 1598 1262 1677 et,
1289 1599 1326 1658 ut
1349 1615 1425 1659 con·

280 1705 469 1767 sentaneum
498 1703 548 1763 est
563 1699 716 1782 credere,
747 1698 940 1764 Hesiodus
972 1701 1079 1765 locum
1105 1701 1308 1765 invenerant:
1341 1701 1426 1766 unde

280 1829 479 1890 consequens
504 1809 566 1889 est,
590 1811 627 1870 ut
648 1806 770 1870 latinos
793 1809 907 1889 poetas
931 1807 1047 1871 tertius
1071 1811 1326 1891 persequeretur.
1376 1868 1381 1881 ‚

368 1915 521 1998 Integrae
544 1913 756 1978 hebdomadis
779 1916 997 1996 praeteream
1021 1936 1118 1998 quam
1137 1914 1300 1980 Ausonius
1324 1916 1423 1978 testa-

279 2025 331 2084 tus
356 2025 406 2084 est
423 2020 543 2084 nullius
562 2019 696 2083 nomina
714 2025 881 2102 comperta
903 2021 1069 2085 habemns.
1101 2020 1176 2086 Nisi
1199 2010 1284 2106 quod
1305 2021 1423 2105 aliquis

232 2125 417 2191 Ixfortasse
449 2126 484 2189 in
516 2126 579 2190 hoc
610 2147 727 2210 genere
755 2127 958 2192 coniecturae
987 2127 1076 2192 locus
1109 2131 1167 2192 est.
1208 2128 1252 2192 lat
1282 2129 1424 2211 primum

277 2233 407 2316 quidem
435 2255 508 2296 cnm
535 2231 770 2296 medicorum
799 2233 987 2298 inlustrium
1019 2233 1136 2317 duplex
1170 2235 1255 2317 apud
1282 2234 1423 2299 Plinium

277 2339 421 2404 recensio
446 2344 563 2423 exstet,
591 2341 695 2404 altera
722 2339 777 2403 lib.
800 2339 909 2404 XXVI
933 2363 953 2404 a
976 2343 996 2421 ξ
1023 2341 1063 2404 10
1086 2339 1127 2404 ad
1153 2341 1206 2420 12,
1235 2340 1339 2406 altera
1366 2341 1423 2406 lib.

277 2445 388 2509 XXIX
411 2447 568 2530 §dsqq.,
591 2467 657 2510 non
680 2445 789 2529 inepte
812 2446 959 2529 profecto
983 2447 1146 2530 suspicere
1170 2446 1327 2513 alterutro
1350 2448 1423 2514 loco

277 2551 435 2615 Varronis
463 2553 556 2616 illum
585 2551 746 2636 imagines
778 2555 853 2616 ante
886 2552 998 2618 oculos
1032 2551 1195 2618 habuisse.
1239 2553 1423 2620 Posteriora

278 2663 387 2722 autem
416 2658 568 2743 quoniam
592 2663 625 2721 et
648 2657 754 2722 minus
781 2657 875 2723 finito
898 2681 1032 2724 numero
1056 2665 1089 2724 et
1114 2660 1348 2726 hebdomadem
1372 2682 1425 2726 ex·
1457 2741 1462 2750 A

277 2765 407 2829 cedente
445 2768 673 2829 enumerantur
710 2763 941 2850 Hippocrates,
977 2749 1131 2831 Prodicus
1170 2748 1423 2850 Selymbrianus,

277 2870 491 2955 Chrysippus,
533 2869 766 2955 Erasistratus,
807 2872 906 2955 Acro,
948 2871 1161 2957 Herophilus,
1203 2871 1424 2957 Asclepiades,

277 2976 444 3060 Themiso,
472 2975 753 3042 Antonius'Musa
780 2999 852 3042 curn
876 2978 949 3043 aliis
978 2978 1033 3062 qui
1060 2979 1136 3044 illos
1165 3000 1328 3063 excepere,
1356 3002 1423 3044 non

277 3087 385 3166 potest
420 3104 484 3146 non
521 3103 558 3147 eo
601 3084 757 3148 inclinare
799 3085 940 3170 animus,
980 3089 1018 3150 ut
1057 3085 1165 3168 ipsum
1202 3085 1422 3168 septenarium

277 3211 447 3253 numerum
471 3189 634 3272 explentia
655 3191 789 3256 nomina
812 3191 882 3274 illa,
910 3213 993 3274 quae
1016 3191 1134 3275 prioris
1158 3191 1222 3255 loci
1245 3193 1326 3257 satis
1350 3213 1423 3258 con·

277 3295 344 3358 cisa
368 3295 530 3360 mentione
554 3295 735 3374 sociantur,
763 3296 803 3361 ad
827 3297 1009 3375 Varronem
1038 3301 1202 3362 auctorem
1226 3298 1422 3363 referantur:

279 3401 530 3485 Hippocratis
556 3401 626 3485 ‘qui
645 3403 768 3486 primus
788 3403 935 3468 medendi
953 3409 1127 3489 praecepta
1145 3405 1323 3470 clarissime
1346 3427 1422 3469 con-

276 3506 382 3591 didit',
401 3507 529 3572 Diocli
550 3507 693 3592 Carystii
713 3509 784 3594 ‘qui
803 3510 960 3576 secundus
980 3515 1087 3576 aetate
1106 3511 1255 3596 famaque
1275 3509 1424 3594 exstitit’,

276 3613 555 3699 Praxagorae,
588 3614 831 3702 Chrysippi,
868 3617 1141 3702 Erasistrati,
1177 3616 1421 3702 Herophili,

276 3720 531 3805 Asclepiadis.
564 3721 657 3799 Quod
675 3724 726 3788 cui
743 3745 810 3788 nou
834 3723 1047 3808 improbabile
1066 3724 1228 3788 videbitur
1251 3725 1299 3807 (et
1316 3725 1424 3789 nomi-¹

274 3829 379 3892 natim
403 3827 457 3894 ‘M.
476 3827 657 3895 Varronem
676 3830 853 3895 auctorem'
872 3829 997 3896 Plinius
1022 3832 1055 3894 in
1076 3853 1114 3896 eo
1135 3831 1207 3914 ipso
1226 3835 1420 3915 argumento

274 3933 387 3998 laudat
406 3937 426 4014 ξ
448 3935 516 4016 14),
540 3935 637 3998 simul
661 3935 795 4000 habebit
817 3958 875 4000 cur
897 3937 932 4000 in
955 3935 1185 4019 componendis
1208 3935 1421 4002 hebdomadis

274 4063 339 4106 non
362 4039 543 4126 neglexisse
563 4039 745 4106 Varronem
768 4046 951 4126 temporum
970 4044 1114 4108 rationes
1134 4043 1196 4107 sibi
1219 4043 1421 4127 persuadeat.

274 4146 359 4213 Nam
384 4151 515 4232 poetam
539 4147 667 4229 quidem
688 4149 867 4214 Ausonium
885 4171 952 4215 non
972 4155 1022 4215 est
1040 4151 1158 4216 mirum
1182 4173 1240 4215 suo
1260 4151 1420 4216 arbitratu

275 4253 469 4319 architectos
493 4251 714 4320 Varronianos
744 4277 944 4342 enumerare,
973 4257 1027 4340 qui
1051 4280 1068 4321 e
1095 4261 1279 4341 temporum
1306 4256 1420 4322 ordine

275 4360 322 4424 aie
354 4361 462 4444 potius
500 4381 534 4424 se
570 4362 786 4445 excipiebant:
824 4362 1002 4446 Daedalus,
1038 4362 1249 4448 Chersiphro,
1284 4361 1421 4446 Ietinus,

274 4465 379 4550 Philo,
398 4465 607 4552 Dinochares,
627 4467 851 4533 Archimedes:
875 4468 1003 4552 quando
1022 4469 1061 4535 de
1080 4470 1219 4553 septimo
1236 4467 1420 4535 Menecrate
