3302 5106
287 380 352 446 398
482 386 484 392 ’
712 402 760 447 on
784 403 817 449 n.
832 403 1005 451 vnaooms

285 545 420 605 nouerat
445 537 655 622 Cleophantus
685 545 771 624 apul
800 546 932 626 prisooa,
964 547 1029 627 lpse
1054 547 1265 628 copmninooi
1291 565 1323 610 se
1349 567 1371 608 o
1398 543 1434 632 (a

286 649 375 732 vulg.
398 645 474 730 om.)
496 647 615 730 [apulo
637 649 743 714 danda
758 651 938 732 praefocas
959 656 996 716 at
1017 657 1123 718 mator
1149 658 1194 718 est
1222 653 1334 731 Varro,
1366 653 1433 716 olio

285 777 402 839 oraora
424 756 633 820 oaootmonto
655 757 854 840 compilata,
881 759 947 850 aum
969 761 1177 842 amendato
1200 760 1334 838 aomos,
1361 779 1433 840 qao

285 883 356 927 rara
385 863 502 927 iactata
530 866 587 926 aul
614 861 733 928 morbos
760 869 936 929 mensuret
963 871 1020 930 ont
1045 886 1167 931 somnos
1188 867 1334 945 alliceret,
1367 867 1432 930 lom

285 969 423 1033 loliums
445 968 626 1032 sumamma
648 967 808 1034 moinum
827 971 969 1053 cupidine
986 972 1181 1051 instituendo,
1203 978 1233 1037 ot
1249 974 1316 1038 olto
1333 973 1432 1038 multo

156 1113 161 1124 ·
245 1095 270 1136 ει
287 1077 370 1140 diota
389 1079 482 1158 proto
504 1079 595 1156 olqrco
616 1075 761 1141 iucundo.
796 1077 835 1142 In
859 1079 976 1162 quibus
1000 1079 1117 1165 verbis,
1140 1101 1276 1164 quorum
1299 1101 1338 1144 ea
1361 1083 1430 1144 tan-

285 1187 355 1247 tum
379 1204 461 1268 quae
485 1179 525 1244 ad
548 1181 687 1247 inditum
701 1184 888 1270 Asclepiadi
911 1191 1163 1268 cognomentum
1187 1190 1337 1272 spectant
1350 1185 1430 1250 Var-

286 1289 373 1353 ronis
407 1289 602 1354 auctoritate
634 1291 713 1374 poni
748 1291 958 1376 arbitramur,
997 1292 1202 1377 perineptum
1235 1292 1316 1356 illud
1348 1293 1433 1374 aptari

279 1397 400 1478 misam
422 1418 503 1479 esso,
526 1418 593 1461 non
616 1402 666 1462 est
690 1397 821 1462 difficile
846 1393 1085 1463 demonstrati:
1108 1399 1242 1464 tametsi
1266 1421 1304 1462 ex
1328 1420 1366 1464 eo
1390 1399 1430 1462 ad

288 1507 428 1568 aetatem
457 1502 536 1568 adeo
564 1504 706 1569 hominis
729 1504 945 1574 definiendam
969 1506 1090 1591 aliquid
1114 1511 1358 1592 argumentatus
1382 1511 1431 1570 est

285 1608 450 1674 Heokerus
469 1609 555 1676 Hist.
576 1611 687 1676 medic.
706 1610 721 1674 Ι
744 1635 775 1696 p.
790 1613 864 1677 366.
900 1611 986 1678 Num
1009 1617 1046 1678 ut
1069 1617 1196 1678 taceam
1219 1635 1278 1696 per
1297 1635 1331 1677 se
1350 1614 1431 1678 mire

285 1739 343 1782 neo
366 1717 488 1784 usitate
511 1719 597 1800 apud
607 1719 729 1800 palos
747 1719 826 1784 dici:
850 1719 879 1784 si
897 1719 981 1784 nihil
1001 1719 1089 1784 aliud
1109 1720 1212 1784 voluit
1225 1719 1349 1784 Plinius
1368 1721 1431 1784 nisi

147 1864 149 1868 .
285 1829 374 1890 ante
397 1824 624 1908 Asclepiadem
653 1830 686 1890 et
714 1827 902 1892 morborum
930 1847 1064 1892 caussas
1087 1827 1129 1892 ab
1152 1825 1332 1911 Herophilo
1356 1833 1432 1892 eta

285 1929 489 2014 Cleophanto
512 1931 579 1996 vini
602 1932 762 1996 rationem
786 1933 966 1998 illustratas
995 1933 1113 2016 dicere,
1146 1933 1223 2018 quid
1251 1955 1333 2016 opus
1362 1937 1432 1999 erat

285 2037 417 2102 omnino
446 2041 522 2121 post
543 2037 636 2117 prius
663 2037 758 2121 illud,
790 2038 855 2102 iam
879 2039 1050 2122 Herophili
1079 2039 1236 2102 mentioni
1264 2041 1431 2123 insertum,

286 2143 423 2207 alteram
447 2143 607 2227 quandam
631 2143 788 2226 temporis
811 2144 1015 2210 notationem
1039 2143 1143 2207 denuo
1167 2143 1309 2209 inferre?
1332 2147 1429 2212 nam-

286 2271 347 2334 que
370 2251 498 2335 qualem
521 2249 675 2314 tandem?
704 2248 775 2325 Qua
797 2251 942 2334 profecto
961 2249 1132 2333 Herophili
1152 2251 1253 2314 aetati
1272 2257 1309 2316 nt
1327 2254 1431 2318 maior

285 2357 383 2420 etiam
407 2355 621 2442 Cleophantia
644 2359 841 2441 opponatur:
873 2357 907 2422 id
934 2357 1020 2441 quod
1048 2377 1106 2420 nec
1129 2355 1164 2420 in
1187 2359 1358 2424 veritatem
1382 2360 1431 2425 hi-

286 2464 406 2528 storiae
437 2486 496 2528 nec
528 2465 563 2528 in
595 2464 693 2529 Plinii
730 2465 901 2530 eonsilium
934 2463 1105 2530 convenire
1140 2464 1247 2549 ipsum
1285 2467 1431 2550 suspicor

285 2571 467 2636 Heekernm
491 2592 726 2636 concessurum.
762 2571 849 2636 Nam
872 2570 987 2638 Oelsus
1011 2569 1070 2655 III,
1089 2571 1129 2635 14
1152 2593 1225 2636 cnm
1249 2569 1431 2657 Cleophan-

268 2681 354 2756 ‚tum
378 2679 457 2742 dicit
479 2679 631 2761 qnondam
654 2697 691 2742 aa
712 2679 939 2760 antiquioribus
956 2679 1089 2756 aaaron,
1112 2699 1178 2742 non
1197 2678 1282 2743 alind
1302 2684 1429 2761 tempus

286 2785 448 2870 significat
470 2784 533 2848 nisi
556 2784 622 2848 tale
646 2785 697 2848 cui
722 2788 755 2848 et
769 2783 949 2850 Herodious
974 2791 1006 2848 et
1021 2783 1243 2868 Cleophantus
1266 2785 1428 2849 tribuendi

285 2893 359 2956 sint.
405 2893 495 2968 Quae
517 2914 591 2956 cum
614 2891 662 2956 ita
686 2892 765 2976 sint,
788 2913 854 2957 non
878 2891 986 2956 hercle
1009 2892 1118 2974 inepte
1142 2893 1358 2957 coniectatum
1382 2895 1432 2956 est

285 3000 319 3064 in
342 2999 452 3064 latinis
479 3000 565 3080 opud
579 3000 699 3080 amoos
727 2999 835 3064 verbis
859 2999 965 3082 ipsum
988 3019 1168 3081 cognomen
1192 2999 1292 3062 latere
1315 2997 1428 3063 Ascle-

284 3105 389 3189 piadis
418 3127 438 3168 a
460 3103 568 3168 Plinio
598 3105 824 3188 significatum.
870 3103 908 3167 Id
935 3104 963 3167 si
992 3103 1176 3186 quaerimus
1206 3103 1301 3187 quale
1324 3105 1430 3186 luerit,

284 3215 415 3296 praesto
440 3213 489 3274 est
507 3211 671 3275 Heckcrus
695 3233 726 3294 p.
741 3211 804 3274 387
830 3209 1054 3288 ψυχρολούτη(
1077 3230 1210 3292 ponens,
1232 3210 1429 3273 testimoniis

188 3363 191 3370 -
285 3316 476 3400 subscriptis
494 3316 593 3381 Plinii
607 3317 628 3381 l.
643 3338 668 3380 s.
682 3339 706 3380 s.
731 3320 764 3380 et
786 3314 889 3380 Caelii
912 3315 1080 3380 Aureliani
1106 3315 1197 3380 Aout.
1222 3315 1250 3399 Ι,
1277 3317 1325 3380 14.
1365 3315 1428 3380 Sed

285 3421 386 3486 Caelii
410 3422 539 3506 quidem
563 3423 669 3486 nullus
689 3423 723 3486 in
741 3421 802 3486 hac
821 3443 936 3486 caussa
955 3444 1032 3487 usus
1052 3426 1110 3506 est,
1130 3421 1214 3506 apud
1234 3443 1328 3506 quom
1347 3421 1429 3485 nihil

285 3532 413 3612 praeter
450 3528 529 3592 haec
566 3531 706 3592 exstent:
752 3527 993 3615 (Asclepiades)
1027 3530 1212 3594 volmar
1246 3528 1321 3593 rutilo
1356 3529 1431 3593 dicit

286 3637 413 3718 [auream
431 3635 539 3716 libore]
559 3640 588 3700 el
607 3635 726 3718 sripstla
745 3637 855 3715 lavari,
877 3657 972 3718 qaam
991 3638 1243 3723 ψυχρολουσίαν
1261 3637 1428 3718 appellant,

283 3749 312 3806 et
331 3745 483 3826 sapidam
505 3737 618 3808 latmo:
651 3744 685 3808 in
709 3746 825 3828 quibus
848 3745 955 3810 verbis
979 3743 1121 3807 dubitari
1144 3743 1258 3826 nequit
1281 3743 1358 3825 quin
1381 3742 1429 3806 in-

284 3851 391 3915 siticia
428 3851 494 3915 sint
529 3873 612 3934 quas
649 3852 799 3915 cancellis
837 3851 1026 3932 saepsimus.
1076 3849 1248 3914 Praeterea
1284 3849 1428 3934 neglexit

285 3956 449 4022 Heckerus
477 3956 517 4019 de
543 3957 649 4020 danda
677 3955 796 4039 frigida
822 3956 853 4020 h.
878 3977 903 4020 e.
932 3956 974 4019 ab
1003 3957 1147 4040 aegrotis
1176 3955 1316 4020 bibenda
1338 3955 1427 4040 loqui

284 4062 441 4146 Plinium,
473 4083 539 4126 non
569 4061 608 4124 dc
637 4062 827 4126 balneorum
850 4063 1115 4150 lavationumque
1139 4085 1207 4128 usn.
1253 4063 1343 4147 Ergo
1367 4061 1427 4126 hac

284 4169 413 4254 quidem
437 4189 474 4232 ex
498 4172 590 4252 parte
615 4169 717 4233 multo
741 4173 871 4234 sancet
893 4169 1127 4236 consideratius
1151 4174 1184 4234 et
1206 4170 1330 4234 felicius
1350 4167 1426 4234 Gor-

285 4277 395 4342 narius
419 4277 451 4342 in
474 4279 560 4360 optol
571 4277 690 4360 pisces
705 4273 1031 4363 (APUTPRISOOS)
1050 4279 1151 4343 latera
1175 4278 1312 4342 coniecit
1334 4277 1425 4342 turcl-

285 4405 408 4464 ψυχροί
442 4383 727 4467 (ΔΟΕΙΨΥΧΡΟΕ,
761 4381 1065 4468 DOSIPSICROS).
1120 4383 1158 4448 In
1191 4405 1254 4468 quo
1287 4383 1426 4446 fortasse

285 4491 525 4576 acquievissem,
547 4492 610 4556 nisi
634 4492 800 4556 consultus
824 4514 844 4555 a
866 4513 917 4556 me
940 4491 1154 4557 amicissimus
1178 4489 1305 4574 collega
1326 4488 1425 4554 idem·
