3294 5104
486 413 727 472 Qvnnsrrouns
752 413 1086 460 ououuronoomun.
1292 396 1357 461 345

213 555 443 638 Aristophanis
472 556 504 619 in
529 554 616 619 Plnti
644 579 672 621 v.
698 557 775 638 768,
797 555 830 618 id
855 556 895 620 ad
920 555 1070 620 vitiosam
1095 556 1356 620 consuetudinem

212 776 296 833 teres
320 770 353 833 in
377 769 438 834 hoc
458 789 575 853 genere
595 770 698 834 solam
719 769 870 848 κόλλαβοι
889 769 1028 834 formam
1047 770 1235 852 probarunt.
1269 767 1356 845 Quos

212 877 339 955 μικροὺς
369 875 533 955 ἀρτίςκους
563 875 724 942 τολεῑδος
748 875 847 954 ἄρτου
871 881 981 954 μικροῦ
1006 875 1131 940 scholia
1154 876 1188 940 in
1211 875 1305 940 Pacis
1329 897 1357 940 ν.

215 984 300 1047 1200
323 985 356 1048 et
374 982 540 1046 Ranarum
563 1005 591 1046 v.
607 983 670 1046 507
695 983 965 1066 interpretantur:
989 986 1025 1045 ut
1049 983 1218 1047 mittamus
1239 982 1357 1046 ibidem

213 1094 484 1153 commemoratas
508 1089 792 1172 interpretationes
812 1089 928 1168 ἄρτους
946 1091 1021 1154 τοὺς
1041 1089 1185 1154 ἐοικότας
1203 1092 1262 1170 τὴν
1280 1090 1358 1154 πλά-

212 1217 260 1261 ςιν
283 1201 351 1261 τοῖς
369 1195 538 1275 κολλάβοις
557 1201 612 1275 τῆς
631 1196 759 1275 κιθάρας
780 1199 811 1259 ο1
831 1195 916 1261 εἶδος
935 1200 1137 1262 πλακοῦντα(
1151 1197 1357 1276 τετραγώνου

213 1306 245 1366 et
264 1302 354 1381 ἄρτοι
374 1305 441 1368 νέοι
460 1303 495 1368 ἐκ
514 1307 634 1381 πυρῶν.
665 1302 752 1368 Nam
771 1302 1000 1386 eosdemquod
1016 1303 1359 1381 νο1ο1ψωμίςκουςίιι-

216 1410 329 1494 tellegi
348 1413 381 1473 et
400 1409 558 1487 μεγάλους
578 1409 687 1492 potius
706 1410 756 1474 καὶ
776 1409 938 1488 ῥυπαροὺς
953 1410 1003 1473 καὶ
1018 1412 1134 1489 φαιοὺς
1150 1408 1265 1489 ἄρτους
1281 1409 1360 1475 dicit

214 1514 408 1580 Eustathius
437 1515 471 1578 in
495 1515 609 1598 Odyss.
632 1514 742 1600 XVII,
766 1517 831 1580 222
854 1539 884 1599 p.
910 1517 993 1582 1817
1026 1521 1058 1581 et
1082 1539 1101 1580 a
1126 1516 1271 1581 Κιλικίοις
1294 1539 1359 1581 non

212 1623 371 1703 diversos,
400 1621 468 1684 eius
500 1622 619 1686 erroris
649 1623 771 1686 fontem
801 1643 921 1706 magna
949 1644 1020 1686 cum
1043 1623 1275 1706 probabilitate
1299 1624 1357 1686 Ca-

213 1728 375 1792 saubonns
408 1729 536 1811 aperuit
568 1729 601 1792 in
634 1729 794 1793 Athenaei
823 1725 874 1792 111
903 1751 933 1812 p.
965 1731 1027 1794 110
1049 1729 1097 1812 D,
1135 1728 1359 1792 doctissimum
1429 1771 1435 1783 ·

213 1835 492 1918 archiepiscopum
525 1835 642 1899 docens
675 1839 826 1919 corrupto
855 1835 963 1900 codiee
992 1835 1152 1919 epitomae
1181 1835 1360 1917 deceptum,

212 1942 246 2005 in
275 1963 338 2025 quo
367 1941 505 2006 κιλικίιιιν
529 1942 686 2025 scriptum
710 1945 797 2006 esset
820 1964 878 2026 pro
902 1943 1083 2008 collirium:
1116 1943 1150 2006 id
1174 1940 1259 2025 quod
1282 1959 1360 2024 neg-

212 2049 360 2112 lexeumt
389 2047 548 2112 Thesauri
571 2047 710 2112 Parisini
740 2048 880 2114 editores
910 2054 932 2113 t.
957 2047 1004 2114 IV
1028 2072 1057 2134 p.
1086 2050 1178 2114 1747.
1223 2047 1275 2112 Ab
1299 2047 1408 2112 heom

212 2155 313 2240 igitur
336 2154 494 2235 κόλλαβος
517 2177 595 2220 voce
611 2152 838 2220 COLLABVS
858 2177 967 2220 servus
988 2155 1092 2220 dictus
1113 2161 1163 2219 est
1177 2153 1361 2218 Trinummi

213 2283 243 2326 v.
272 2263 355 2326 1021
391 2261 595 2326 consociatus
630 2285 702 2326 cum
733 2261 916 2327 ORIMNO:
950 2283 1030 2345 quae
1063 2261 1196 2326 nomina
1225 2262 1361 2344 apparet

212 2367 373 2433 consimili
401 2367 473 2432 lusu
504 2368 543 2431 ad
573 2367 742 2432 famelicos
766 2373 913 2450 spectare
937 2366 1108 2450 panicellis
1132 2369 1301 2430 contentos
1326 2369 1360 2428 et

212 2473 305 2538 micis
327 2473 517 2536 frustulisve
542 2472 700 2537 intentos:
724 2473 854 2556 quaudo
874 2474 986 2553 κρίμνα
1005 2477 1120 2538 vocata
1140 2476 1216 2536 sunt
1234 2472 1273 2536 τὰ
1291 2477 1360 2536 τοῖς

212 2579 359 2660 ἀλφίτοις
392 2577 596 2658 ἑμφερόμενα
629 2585 685 2659 τῆς
715 2583 941 2660 πεφρυγμένης
970 2587 1076 2660 κριθῆς
1105 2580 1198 2660 μόρια
1227 2578 1357 2658 μεγάλα,

215 2685 457 2765 διαπεφευγότα
489 2685 639 2764 δηλονότι
670 2689 729 2766 τήν
759 2688 796 2750 ἐν
829 2693 866 2770 τῇ
901 2688 981 2770 μύλῃ
1012 2687 1221 2766 κατεργαςίαν
1249 2685 1359 2766 ἀκριβῆ

215 2791 338 2856 Galeno
354 2793 556 2877 interprete.
608 2791 642 2857 Si
670 2793 766 2858 modo
794 2794 913 2858 rectius
941 2795 1089 2858 Criumus
1116 2815 1236 2856 nomen
1265 2815 1281 2856 e
1310 2813 1360 2856 co-

214 2897 319 2962 dicum
349 2899 512 2982 scriptura
539 2901 666 2964 miracus
695 2898 902 2984 aScaligero
932 2903 964 2962 et
987 2899 1114 2982 Guyeto
1138 2900 1286 2962 effectum
1311 2901 1362 2961 est

213 3025 309 3087 quam
343 3005 384 3069 ab
414 3005 597 3070 Godofredo
628 3005 815 3070 Hermanno
839 3004 967 3071 Circus:
1005 3005 1090 3090 qnod
1122 3004 1215 3068 illum
1247 3003 1360 3068 dubito

213 3113 322 3174 utrum
346 3133 365 3174 a
387 3111 496 3190 κρίνον
520 3111 689 3195 repetiisse
713 3113 831 3196 dicam,
858 3113 1015 3178 vocabulo
1041 3112 1080 3176 ad
1104 3115 1236 3190 πτωχοῦ
1260 3112 1358 3194 signi·

212 3215 397 3281 ficationem
422 3219 664 3283 accommodato
688 3219 828 3283 testibus
853 3219 985 3284 Polluce
1008 3219 1064 3303 VI,
1092 3221 1163 3300 107,
1186 3217 1360 3310 Hesychio‚

212 3320 325 3404 Suida,
358 3345 400 3387 an
431 3347 449 3388 a
479 3324 576 3403 μάζης
607 3325 714 3407 specie
742 3325 881 3408 quadam
910 3327 1018 3406 κρίνον
1048 3329 1162 3390 vocata
1185 3325 1360 3389 secundum

214 3427 351 3492 eundem
375 3429 571 3512 Hesychium
596 3435 628 3495 et
651 3431 857 3497 Athenaeum
875 3433 924 3497 Ill
945 3457 975 3516 p.
998 3434 1059 3496 114
1073 3432 1113 3498 F.
1155 3431 1275 3496 Verum
1299 3431 1361 3495 hoc

217 3533 409 3598 cuicuimodi
434 3540 497 3619 est,
527 3561 546 3601 s
572 3538 734 3618 Κόλλαβος
758 3543 843 3602 τοο1ο
867 3541 963 3623 atque
988 3538 1099 3604 ordine
1123 3538 1254 3602 ductum
1279 3539 1356 3602 Κολ-

218 3638 362 3718 λαβίςκος
386 3661 512 3724 nomen,
535 3665 600 3708 uon
625 3645 843 3726 Κολλυβίςκος,
867 3645 961 3708 vilico
986 3667 1043 3708 sno
1068 3643 1219 3708 Plautum
1242 3643 1359 3706 fecisse

213 3745 246 3809 in
270 3744 429 3828 Poenulo,
457 3746 489 3811 id
517 3769 593 3814 vero
624 3749 781 3814 librorum
806 3749 962 3813 memoria
986 3749 1047 3812 fide
1071 3749 1240 3832 dignorum
1266 3749 1361 3812 facile

213 3851 396 3935 persuadet.
442 3853 527 3920 Nam
550 3857 729 3920 collubismrc
752 3855 803 3920 vel
827 3856 994 3921 colorbiscus
1017 3855 1079 3920 etsi
1104 3859 1155 3918 est
1178 3876 1255 3918 sane
1279 3853 1305 3937 1,
1331 3857 1359 3938 1,

213 3960 256 4023 42
280 3961 457 4044 proditum,
485 3966 518 4026 et
541 3961 735 4044 collybisoum
758 3963 806 4028 vel
830 3961 1016 4027 cottidianam
1039 3961 1114 4025 ibid.
1140 3983 1167 4026 v.
1191 3963 1247 4026 66:
1277 3961 1360 4026 unde

121 4139 125 4146 Ι
212 4067 375 4149 profectus
400 4065 708 4133 OOLLYBISOVM
736 4070 863 4152 primns
890 4069 1013 4133 invexit
1035 4067 1283 4133 Taubmsnuus:
1314 4074 1360 4134 ta-

213 4195 286 4236 men
313 4195 379 4238 non
403 4179 531 4242 tantum
556 4175 580 4258 1,
603 4177 633 4256 3,
657 4177 677 4239 6
702 4180 735 4240 et
751 4175 817 4263 ιΙΙΙ,
843 4177 870 4258 l,
893 4173 937 4239 55
960 4173 1117 4238 colhsbisco
1141 4175 1190 4237 vel
1215 4175 1361 4240 cohahisco

213 4285 377 4344 servatum
398 4283 456 4363 cst,
475 4281 646 4344 sedetiam
667 4283 699 4344 in
719 4303 908 4346 scaenarum
923 4279 1190 4361 inscriptionibus
1208 4283 1298 4343 actus
1312 4281 1361 4345 111

214 4389 400 4450 constanter
423 4384 714 4450 COLLABISOVS
738 4393 882 4471 apparet.

304 4493 334 4558 6.
370 4491 434 4559 Per
461 4491 608 4572 πάρεργα
631 4493 796 4578 pergimus
820 4495 860 4559 ad
883 4494 990 4576 ἔργον,
1016 4491 1101 4577 quod
1123 4492 1158 4558 in
1181 4491 1292 4558 cadem
1316 4494 1332 4559 f
1351 4531 1361 4541 -
