3274 5114
639 403 922 451 oonnnuruurvs.
1285 383 1350 452 265

210 547 291 613 eben
314 546 428 611 danum
456 567 495 610 ru
519 544 689 610 Terentius
712 543 784 610 Zeit
810 544 918 610 nicbts
941 567 978 610 so
1001 543 1228 632 Verborgenes
1252 545 1353 630 mehr,

210 655 284 720 dass
312 677 377 720 uon
404 651 526 718 diesem
549 655 666 738 gesegt
689 650 818 717 werden
843 653 966 718 konute
989 651 1049 717 <dn
1072 652 1200 737 bringst
1223 651 1270 716 sie
1292 675 1352 717 uns

209 763 244 826 in
267 761 319 826 die
338 758 600 826 Oeffeutlichbeit
620 759 765 826 hernus».
802 758 891 823 Aber
913 758 999 825 wohl
1020 759 1113 824 nicht
1134 759 1270 840 defers,
1294 758 1354 822 wie

209 869 248 933 Β.
272 866 488 950 uermuthctc,
511 865 593 930 wird
617 863 730 932 Cicero
754 865 966 952 gescbricbsn
988 865 1111 953 haben,
1135 865 1274 932 sondern
1296 865 1354 948 as·

209 975 295 1057 fers.
327 971 359 1038 N
362 970 501 1038 atdrlich
519 971 620 1056 nieht,
643 973 716 1037 weil
735 971 871 1054 zufaillig
890 993 926 1037 sc
950 971 984 1037 in
1002 973 1059 1038 der
1072 974 1212 1059 jiingcrn
1225 972 1356 1038 Pariser

211 1081 289 1145 Hds.
320 1076 426 1166 (nicht
457 1079 492 1143 in
520 1077 577 1142 der
604 1075 705 1165 alten)
733 1077 881 1143 wirklich
910 1078 1012 1164 steht,
1046 1079 1185 1144 sondern
1219 1079 1292 1144 weil
1321 1101 1356 1144 cr

211 1185 294 1251 auch
318 1184 515 1250 auderwiirts
540 1183 673 1250 shnlieh
696 1184 905 1269 gescbrieben
927 1185 1000 1269 hat,
1024 1185 1085 1250 wie
1108 1185 1147 1250 de
1170 1185 1253 1250 offic.
1276 1185 1302 1270 l,
1327 1187 1356 1268 l,

211 1293 254 1359 22
272 1313 447 1360 conrmrmcs
464 1293 611 1358 utilitatis
629 1293 667 1356 in
685 1293 764 1356 med
770 1293 842 1356 turn
860 1293 1012 1374 afferre.
1053 1291 1121 1356 Das
1139 1290 1253 1357 hatten
1272 1313 1358 1356 zwar

213 1400 295 1465 auch
319 1399 370 1464 dic
384 1399 579 1485 Vorgtnger
601 1397 703 1463 schon
725 1399 856 1484 gethan,
880 1399 957 1464 aber
979 1397 1071 1463 nicht
1087 1398 1200 1463 sedulis
1218 1397 1357 1478 1110111111,
1417 1447 1424 1458 .

212 1505 277 1571 und
300 1506 335 1570 in
357 1503 489 1572 Ciceros
514 1503 611 1570 Sinna
635 1504 717 1570 auch
741 1505 829 1571 wohl
851 1504 942 1570 nicht
965 1503 1066 1570 trutino
1087 1501 1175 1570 voce?
1199 1501 1233 1569 O.
1257 1503 1323 1585 W.]

299 1611 376 1695 Peg.
399 1613 465 1688 213,
490 1611 508 1676 11
539 1612 700 1694 quiddam,
732 1634 791 1696 pro
820 1635 883 1697 quo
914 1609 1000 1696 quod
1029 1611 1063 1676 in
1091 1609 1206 1675 ceteris
1229 1615 1358 1694 practer

212 1723 352 1784 veterem
380 1719 564 1784 Parisinum
595 1718 688 1782 libris
719 1721 825 1782 exstat
853 1717 930 1800 quid
949 1717 1031 1799 quod
1060 1716 1111 1780 111
1139 1716 1290 1798 quietquit
1318 1738 1357 1781 ne

212 1825 359 1912 intellegi
396 1825 525 1911 quidem
562 1826 685 1909 potest,
726 1824 907 1890 rectissimo
944 1821 1063 1888 iudicio
1100 1823 1166 1886 iem
1202 1821 1357 1886 Pithoeus

212 1933 354 2016 suscepit
366 1931 649 2017 Epigrammatum
669 1935 701 1995 et
718 1933 905 2015 poematum
924 1933 1070 1995 veterum
1088 1953 1117 2014 p.
1132 1929 1176 1994 42
1195 1927 1241 1993 ed.
1256 1927 1359 2013 bugd.

213 2063 240 2104 1.
267 2039 361 2123 1596,
384 2039 535 2123 probauit
556 2041 633 2122 post
655 2035 829 2102 Nicolaum
852 2036 1023 2102 Heinsium
1046 2037 1080 2101 in
1104 2035 1359 2122 0111111111,

216 2147 315 2230 1,18
342 2145 548 2210 Burmannus
573 2143 793 2229 Anthologiae
820 2143 920 2211 1ο1.1
948 2165 978 2228 p.
1001 2143 1080 2227 410,
1112 2143 1195 2208 miro
1224 2141 1358 2208 consilio

213 2255 249 2315 ut
277 2253 337 2316 tot
359 2250 424 2316 alia
454 2253 530 2315 ante
560 2271 594 2314 sc
626 2253 712 2315 recte
740 2250 871 2314 invente
899 2249 1022 2334 sprevit
1049 2247 1199 2333 Meycrus
1223 2247 1359 2314 Anthol.

213 2357 313 2443 epigr.
346 2357 398 2422 64.
436 2393 477 2404 -
515 2362 605 2440 atque
641 2378 700 2441 pro
732 2377 770 2422 ac
801 2354 1022 2440 reponendum
1054 2353 1121 2418 iam
1152 2353 1359 2419 Burmannus

213 2463 346 2528 viderat.

301 2567 427 2634 Ibidem
455 2571 531 2652 post
553 2568 678 2652 upum
699 2589 813 2633 vocem
836 2567 953 2634 misere
977 2569 1136 2654 languens
1159 2568 1263 2636 dicens
1285 2589 1357 2653 par-

214 2674 360 2760 ticipium
392 2674 458 2740 iam
482 2672 648 2741 Ciceronis
683 2673 859 2740 editoribus
894 2674 1084 2759 quibusdam
1119 2674 1358 2758 antiquioribus

217 2781 385 2847 offensioni
404 2781 475 2865 init,
494 2779 648 2866 aquibus
667 2781 808 2864 linquens
827 2779 982 2864 scriptum
1001 2777 1146 2844 invenio:
1170 2778 1256 2862 quod
1276 2779 1358 2845 uude

214 2867 352 2972 petitum
372 2887 416 2952 sit
434 2887 486 2951 111
505 2885 584 2971 quid
602 2887 665 2952 sibi
685 2888 772 2970 velit,
795 2887 911 2972 ignoro
926 2885 1016 2950 iuxta
1030 2907 1104 2948 cum
1118 2884 1356 2970 ignarissumis.
1370 2909 1410 2950 111

215 2991 283 3084 ileo
306 2990 471 3076 Scaligero
499 2993 601 3058 dnos
628 2991 801 3058 tolerabile
824 2991 944 3074 visum,
976 2993 1014 3055 ut
1041 2990 1096 3075 qui
1123 2991 1230 3056 ornain
1257 2992 1361 3057 dulcia

209 3119 355 3181 prom-s
381 3099 481 3164 tacite
510 3098 645 3163 ediderit
668 3099 702 3162 in
725 3095 901 3164 Gatalcctis
924 3120 955 3182 p.
978 3097 1041 3162 221
1068 3097 1116 3162 ed.
1137 3095 1309 3163 Lindenbr.
1332 3122 1360 3164 a.

218 3205 311 3269 1617.
358 3202 450 3279 Quod
473 3224 547 3268 cum
571 3225 590 3266 1
614 3202 825 3269 similitudine
854 3203 1036 3268 litterarum
1062 3224 1177 3286 parurn
1200 3224 1361 3270 commen·

215 3309 357 3376 dationis
380 3309 514 3393 habeat,
537 3307 610 3374 vide
633 3331 711 3374 num
736 3331 752 3374 e
775 3309 982 3375 dulcibdiccns
1005 3309 1123 3374 litteris
1146 3309 1264 3375 rectius
1288 3311 1360 3376 effe·

217 3416 314 3480 ocrim
337 3415 538 3481 dtrbidiscens
559 3414 591 3478 h.
602 3437 627 3479 c.
646 3415 749 3480 dulcio
767 3416 904 3482 miscens.
941 3415 1026 3480 Nam
1046 3414 1130 3499 quod
1149 3435 1231 3481 corne
1248 3413 1360 3482 Oicero

218 3519 310 3606 dicit,
333 3543 405 3588 cum
429 3521 496 3586 suis
521 3521 576 3606 qui
599 3519 684 3585 intra
706 3521 806 3604 positi
829 3525 905 3586 sunt
926 3521 1073 3586 versibus
1097 3518 1131 3587 O.
1155 3520 1276 3587 Caesar
1298 3523 1362 3588 lnce

216 3627 458 3712 interpretetur,
481 3627 598 3692 lenitas
622 3629 731 3692 autem
750 3626 850 3691 etiam
870 3627 961 3692 arida
979 3648 1050 3692 esse
1069 3631 1103 3692 et
1122 3628 1230 3692 ieiuna
1249 3629 1361 3712 possit,

215 3733 283 3797 iure
311 3755 369 3798 sno
398 3731 511 3798 Cicero
539 3733 699 3798 videbitur
727 3733 815 3798 omni
843 3733 1004 3798 1111111111
1032 3733 1164 3798 mistam
1192 3733 1360 3798 lenitatem

215 3840 248 3903 in
272 3843 371 3923 poeta
394 3839 593 3922 praedicare,
616 3843 654 3904 ut
677 3839 732 3925 qui
755 3837 843 3904 intra
865 3837 1012 3905 leuitatis
1037 3837 1165 3924 quidem
1188 3837 1239 3903 vel
1263 3839 1359 3904 comi-

217 3946 295 4012 tatis
319 3947 399 4010 fines
423 3943 475 4030 (eo
500 3946 585 4010 enim
609 3949 735 4030 spectat
759 3945 843 4030 quod
865 3945 1035 4028 praemisit
1054 3943 1230 4012 Suetonius
1244 3944 1360 4012 ‘onero

215 4051 393 4117 hactenus
422 4049 559 4138 loudol’)
588 4051 671 4116 nibil
700 4051 877 4118 dulcedinis
907 4052 1067 4137 omiserit,
1096 4054 1163 4118 vim
1191 4055 1300 4117 autem
1329 4055 1361 4116 et

215 4158 419 4243 gravitatem,
442 4180 523 4243 quas
546 4159 699 4242 opposita
722 4161 772 4223 est
794 4157 937 4242 lenitati,
960 4159 1152 4225 destituerit

303 4262 380 4348 Peg.
404 4263 466 4339 21³,
489 4263 508 4329 8
530 4264 569 4329 de
592 4264 758 4348 praeclara
782 4263 1016 4348 emendatione,
1040 4262 1380 4350 (111111101111111Ι

215 4371 358 4436 carmine
388 4393 409 4435 a
437 4368 594 4455 Stephani
625 4369 727 4434 amico
758 4373 791 4434 tu
820 4371 856 4435 in
882 4371 1013 4436 summis
1040 4391 1057 4434 o
1086 4371 1235 4435 effectum
1263 4373 1314 4434 est
1343 4393 1360 4436 1

216 4476 355 4542 Parisini
370 4476 527 4544 memoria
540 4479 574 4541 tu
586 4477 622 4542 in
635 4476 806 4561 summisse,
821 4480 951 4542 nonest
966 4476 1051 4562 quod
1066 4475 1191 4543 dicatur
1203 4475 1360 4561 pluribus.
