3274 5114
646 391 928 460 consentanius.
1292 373 1356 440 221
1374 405 1380 411 ·

214 535 443 600 Erasmianam
459 585 460 590 .
474 533 631 600 transisse
663 557 702 600 ex
732 557 771 600 ea
797 533 1020 620 Stephaniana
1050 533 1231 618 suspicetur
1261 555 1358 618 quam

214 666 278 708 uno
307 665 391 708 anno
421 647 496 707 ante
518 641 654 707 Parisiis
683 642 835 706 emissam
863 641 1032 725 prodidere
1056 639 1358 726 bibliographorum

214 751 275 814 filii
307 748 382 814 inde
415 749 456 814 ab
481 749 711 814 Almeloveeno
744 748 783 812 de
815 747 891 812 vitis
921 746 1159 832 Stephanorum
1188 747 1359 831 (Amata.

218 856 317 944 1683)
345 854 480 939 append.
503 877 534 937 p.
558 855 579 919 5
608 854 648 919 ad
671 853 900 919 Renouardum
928 854 962 918 in
987 853 1142 919 ‘Annales
1157 853 1204 919 'de
1228 854 1359 938 l'impri-

214 965 314 1030 merie
337 963 393 1028 des
416 959 588 1026 Fletianne'
612 961 699 1046 (Par.
723 985 751 1027 a.
777 959 876 1046 1843)
899 966 922 1026 t.
946 979 958 1024 1
981 983 1012 1044 p.
1035 961 1093 1026 35:
1121 960 1286 1026 sciendum
1309 963 1360 1024 est

215 1070 302 1134 illius
331 1068 408 1133 anni
438 1069 521 1132 1531
550 1067 738 1132 Terentium
766 1065 1023 1151 Stephanianum
1051 1067 1177 1132 nullum
1206 1088 1357 1151 umquam

216 1175 379 1240 exstitisse
402 1174 513 1257 videri,
535 1179 573 1238 ut
597 1195 691 1258 quem
715 1174 883 1239 consultae
907 1195 996 1238 arne
1015 1173 1230 1238 bibliothecae
1249 1175 1359 1239 lautis-

216 1285 317 1348 simae
336 1303 468 1366 prorsus
487 1281 647 1366 ignorent,
670 1303 729 1346 nec
748 1279 928 1344 Germanae
946 1282 1074 1344 tanturn
1088 1279 1358 1345 vindobonenses

215 1388 419 1454 Monacensis
442 1387 664 1453 Berolinensis
688 1386 932 1472 Goettingensis
956 1387 1147 1452 Drasdensis
1170 1387 1359 1453 Heidelber-

215 1497 326 1583 gensis
349 1495 618 1560 Vratislaviensis
646 1497 680 1559 et
703 1495 730 1558 si
753 1515 835 1578 quae
859 1495 943 1560 aliae
966 1498 1043 1560 snnt
1064 1493 1271 1579 Borussicaa,
1303 1494 1358 1558 sed

216 1604 314 1668 etiam
336 1601 504 1667 Leidensis
527 1604 624 1686 atque
648 1599 727 1665 adeo
750 1601 840 1684 ipsae
865 1601 1039 1666 Parisinae.

304 1708 354 1773 De
376 1707 534 1772 Friderici
557 1705 859 1772 Lindenhruohii
882 1707 968 1771 curis
992 1705 1132 1773 Rothius
1155 1705 1237 1771 dixit
1254 1704 1359 1770 Musei

216 1815 318 1882 Rhen
340 1814 361 1879 l.
385 1836 409 1878 s.
432 1835 457 1880 a.
480 1835 510 1897 p.
537 1813 613 1898 175,
637 1813 726 1897 ipsos
750 1813 876 1878 codices
899 1813 949 1878 illi
973 1813 1081 1879 nullos
1105 1816 1234 1897 praesto
1257 1811 1359 1877 fuisse

217 1923 258 1988 ad
290 1919 509 1987 adornandam
542 1919 715 1985 editionem
747 1917 929 1983 Parisinam
962 1920 1038 1984 anni
1074 1921 1159 1986 1602
1192 1917 1358 2006 (iteratam

216 2027 425 2094 Francofurti
444 2048 472 2090 a.
490 2022 589 2110 1623)
609 2025 789 2110 disputans,
813 2025 869 2090 sed
889 2031 1057 2111 excerptas
1076 2030 1206 2092 tantum
1223 2049 1239 2092 e
1259 2027 1358 2092 variis

217 2134 381 2200 codicibus
404 2133 572 2215 lectiones,
596 2153 675 2217 quas
699 2133 727 2196 ei
752 2132 803 2196 vel
828 2133 1037 2198 conlectanea
1059 2133 1219 2217 quaedam
1241 2133 1359 2199 biblio·
1450 2213 1453 2220 Ι

216 2242 330 2306 thecae
364 2237 500 2324 Regiae,
532 2239 583 2302 vel
615 2239 705 2323 typis
738 2260 891 2323 expressa
921 2241 1119 2324 exemplaria
1148 2239 1358 2306 Pithoeorum

216 2346 381 2413 bhaneisci
404 2343 570 2430 Patrique,
602 2345 732 2410 conlata
762 2367 801 2410 ea
833 2367 905 2410 cum
935 2367 995 2410 ma
1025 2345 1190 2411 codicibus
1220 2345 1359 2410 Antonii

217 2452 326 2520 Gontii
363 2455 396 2516 et
431 2451 541 2516 Iacobi
574 2448 698 2517 Ouinaii
730 2456 971 2517 antecessorum
1009 2448 1271 2534 bituricensium,
1307 2452 1358 2516 vel

218 2559 353 2624 schedae
375 2557 464 2624 Petri
487 2555 634 2621 Danielis
658 2557 827 2623 Aureliani
855 2557 1090 2640 praebuissent.
1134 2555 1180 2622 Et
1205 2557 1266 2624 has
1290 2561 1359 2648 qui·

218 2665 290 2730 dem
309 2664 444 2730 schedas
464 2662 504 2728 ad
523 2663 629 2747 ipsum
643 2661 828 2728 Parisinum
843 2665 875 2728 A
898 2667 1062 2746 spectasse
1085 2664 1166 2728 satis
1189 2665 1360 2730 confirmet

219 2793 393 2837 consensus
419 2769 693 2836 testimoniorum.
737 2768 824 2834 Hinc
852 2770 954 2856 igitur
982 2775 1032 2836 est
1059 2771 1144 2856 quod
1172 2769 1273 2834 vitam
1300 2771 1359 2835 'Pe-

217 2877 313 2942 rentii
328 2877 521 2962 quibusdam
534 2876 568 2941 in
582 2875 672 2955 locis,
695 2897 807 2941 verum
826 2875 872 2940 eis
891 2881 1000 2942 tamen
1019 2897 1086 2941 non
1109 2875 1230 2958 multis,
1253 2897 1359 2940 emen·

218 2983 376 3048 datiorem
404 2982 516 3066 edidit,
543 2981 632 3046 velut
653 2983 794 3066 receptis
817 3003 900 3067 quae
923 2979 1080 3066 Stephani
1105 2981 1227 3046 amicus
1251 2982 1359 3067 negle-

217 3094 309 3154 xerat
331 3112 362 3174 p.
385 3090 464 3173 205,
487 3089 508 3153 2
534 3089 616 3153 iuter
636 3089 744 3173 finem,
779 3089 852 3154 aa
874 3087 907 3153 0.
930 3088 1052 3171 Laelio,
1088 3087 1167 3172 208,
1190 3089 1210 3152 2
1234 3089 1281 3153 his
1302 3089 1359 3173 dre,

218 3197 346 3280 210,10
360 3195 392 3261 0.
402 3195 549 3278 Sulpicio,
573 3195 701 3278 211,10
715 3193 888 3278 Cosconius,
907 3195 982 3278 212,
993 3195 1013 3258 2
1026 3195 1232 3280 sorabtorum,
1250 3196 1271 3259 4
1281 3201 1360 3277 poet.

217 3301 267 3368 De
286 3301 435 3387 qualibus
455 3323 537 3387 quae
556 3301 626 3384 ipse
640 3323 802 3385 perpauca
816 3301 990 3384 adscripsit
1003 3299 1150 3366 codicum
1164 3301 1363 3387 testimonia,

219 3409 373 3493 quoniam
401 3413 434 3473 et
461 3408 555 3474 valde
583 3408 738 3492 ambigua
769 3412 846 3472 sunt
876 3429 935 3472 nec
965 3407 1053 3472 omni
1085 3428 1124 3471 ex
1155 3413 1248 3491 parte
1277 3431 1362 3492 vera,

218 3537 282 3599 quo
311 3515 429 3580 certius
459 3515 596 3579 aliorum
625 3535 750 3578 errores
779 3515 934 3597 quosdam
967 3534 1096 3597 caveas,
1127 3513 1232 3597 ipsius
1265 3515 1363 3579 verba

218 3621 304 3686 infra
326 3621 420 3706 posui
430 3620 471 3706 ²²).

289 3866 315 3936 ')
334 3863 484 3924 Manarnnt
502 3869 575 3924 enirn
593 3867 665 3923 tales
684 3883 790 3923 errores
810 3883 891 3923 exeo
905 3866 1090 3937 potissimum,
1108 3867 1183 3936 quod
1200 3867 1364 3924 testimonia
1439 3929 1442 3936 ¹

219 3951 270 4008 illa
287 3954 333 4009 vel
352 3955 409 4010 alia
426 3956 473 4011 rel
491 3955 618 4013 auctiora
635 3954 665 4010 in
683 3955 909 4011 Franaclurtensi
926 3975 953 4026 p.
969 3963 1018 4013 121
1031 3975 1071 4026 sq.
1091 3973 1174 4026 quam
1193 3957 1222 4012 in
1237 3957 1364 4013 Parisina

219 4059 245 4111 p.
266 4048 316 4098 121
332 4061 373 4112 sq.
392 4047 518 4100 exameta
545 4045 781 4114 quemadmodum
805 4043 891 4100 etiam
910 4043 1002 4100 Contii
1022 4044 1184 4122 Quiaciiqne
1206 4045 1313 4099 mentio
1331 4045 1360 4098 in

219 4131 335 4188 alterius
358 4133 471 4188 demum
492 4133 624 4190 editionis
647 4133 821 4204 praefatione
845 4133 969 4189 meessit
1008 4135 1105 4203 ltaque
1122 4133 1361 4188 Franoofurtensis

222 4237 404 4290 quaeeunque
422 4223 467 4276 vel
485 4221 596 4276 addidit
609 4223 665 4291 (†)
679 4222 724 4277 vel
738 4221 860 4276 mutarit
873 4224 929 4291 (n)
945 4221 1024 4276 uncis
1042 4222 1142 4292 scepei.
1163 4249 1195 4261 -—
1215 4221 1244 4274 P.
1255 4227 1316 4288 210,
1328 4227 1359 4275 11

220 4307 263 4361 Er
281 4323 334 4374 ovr
352 4315 589 4380 cossvnanmvs)
607 4322 669 4365 nas.
692 4308 780 4365 Ouiae
797 4311 961 4365 annotarit.
986 4310 1032 4381 [a
1047 4321 1095 4364 us.
1114 4323 1142 4364 a.
1163 4307 1249 4362 Gaius
1265 4323 1361 4363 emna-

220 4396 346 4466 renent
368 4427 401 4436 —
420 4403 482 4462 211,
501 4404 517 4452 2
537 4398 640 4452 Nuoim
659 4413 719 4452 aem
736 4398 824 4464 semel)
842 4411 888 4451 na.
908 4396 1039 4451 Danielis.
1059 4396 1162 4451 Nooim
1180 4403 1211 4450 ut
1228 4397 1314 4452 semel.
1327 4429 1360 4438 -

220 4489 331 4554 211,10
351 4483 403 4550 Qv.
422 4489 591 4556 cosconius)
610 4486 654 4540 Ita
672 4503 705 4540 ex
724 4499 786 4541 uss,
806 4485 953 4542 edidimus.
972 4485 1046 4556 vulg.
1067 4486 1201 4540 hactenus
1219 4483 1274 4539 luit
1293 4485 1361 4540 Gan·

492 4725 619 4800 ..Ἣ
