3302 5106
284 381 349 446 394
705 397 752 442 un
776 396 1003 445 uvernerus

259 578 260 582 =
284 537 396 622 Safini,
420 539 460 604 ed
485 559 579 623 quem
598 539 664 602 iam
683 537 856 603 revertitur
875 537 1061 622 disputatio,
1085 541 1187 623 eapl
1207 539 1300 606 haec:
1330 543 1430 608 Varro
1472 559 1476 568 “

277 647 415 730 perhibet
434 647 550 726 saitem
572 647 608 710 ia
621 645 762 710 Arcadia
784 665 846 710 esse
867 647 955 710 auiae
978 647 1136 710 interierat
1157 646 1303 713 liniatus:
1327 653 1360 713 et
1382 649 1429 712 iu-

283 753 397 817 l'erius:
436 753 536 818 Varro
563 753 710 833 opiiaatar
732 753 791 818 dae
813 754 849 816 ia
872 752 1005 817 Boeotii
1027 773 1088 819 osso
1110 755 1245 836 aomina
1268 755 1323 839 (ef.
1346 755 1429 821 Plin.

283 859 326 942 ΙΙ,
352 859 424 936 103,
448 858 527 943 230)
554 864 671 924 natura
698 859 765 925 lieet
791 861 925 942 dispari,
952 861 1134 926 miracala
1158 866 1260 928 beraea
1282 884 1345 928 noa
1367 864 1428 928 dis-

283 970 433 1047 crepante,
456 987 587 1048 qaoram
610 967 740 1032 alaram
763 967 792 1032 si
813 967 940 1032 ovillum
956 987 1051 1050 peaes
1073 968 1200 1048 debitat,
1220 969 1343 1051 palliari
1360 970 1429 1051 fieri

284 1075 412 1140 colorem
439 1095 528 1156 quaa
554 1074 693 1140 tamarit
722 1075 844 1155 [eoloris
871 1075 953 1155 arrad
978 1075 1114 1140 induerit
1140 1077 1254 1161 vulgo]
1261 1127 1269 1159 ,
1301 1077 1429 1141 alteritas

284 1181 410 1265 batista,
442 1201 635 1264 quonamque
665 1180 809 1245 adaram
838 1181 929 1259 filsea
960 1185 1045 1264 sant,
1076 1183 1112 1245 ia
1144 1184 1312 1248 sorididum
1343 1185 1428 1249 verti.

282 1290 370 1353 addit
391 1289 488 1353 adai
512 1288 555 1352 ibi
571 1293 702 1370 proteum
718 1288 923 1370 pestilentem,
950 1289 1037 1353 enias
1060 1289 1161 1371 liqieor
1183 1309 1266 1355 mors
1288 1296 1332 1355 est
1352 1290 1428 1354 baa·

282 1395 437 1460 minian.
484 1394 549 1460 vu
577 1395 618 1459 aa
644 1395 765 1460 nerum
793 1395 829 1458 a
855 1395 1051 1461 amerinae
1079 1394 1145 1483 (ve
1169 1399 1205 1461 a
1226 1397 1331 1484 iiia)
1363 1379 1428 1462 noi

283 1502 435 1586 ambigue
467 1501 574 1586 ipsum
605 1501 733 1566 videtur
764 1501 952 1564 miraculum
979 1503 1173 1569 vocabulum
1202 1507 1357 1588 spectare.
1384 1541 1427 1550 -

282 1608 434 1675 Ceterum
458 1631 531 1673 eum
554 1609 588 1673 in
612 1607 820 1672 Admirandis
847 1611 976 1691 praeter
1003 1633 1104 1694 aquas
1128 1611 1226 1675 etiam
1249 1611 1427 1675 bestiarum

282 1716 404 1781 mentio
428 1716 516 1781 faeta
539 1717 591 1800 sit,
613 1719 651 1780 ut
670 1715 800 1798 ptiriam
823 1714 908 1798 apud
932 1713 1117 1781 Charisium
1140 1739 1170 1800 p.
1189 1717 1240 1781 69.
1267 1717 1339 1801 106,
1356 1739 1426 1799 per·

281 1825 384 1887 dinem
412 1822 497 1906 apud
520 1820 664 1886 Nonium
693 1843 723 1904 p.
747 1822 827 1906 218,
864 1842 1085 1887 muraenarum
1113 1822 1271 1889 Macrobii
1300 1821 1427 1889 Satura.

281 1929 329 2012 II,
356 1931 409 1992 11:
443 1927 586 1992 indidem
609 1927 734 1992 Plinius
764 1928 867 1992 videri
896 1933 1005 2024 potest
1032 1929 1113 1995 haee
1136 1930 1314 2014 sumpsisse
1337 1929 1427 2014 VIII,

283 2037 334 2120 29,
361 2035 437 2100 104:
459 2033 507 2098 M.
533 2034 633 2099 Varro
654 2039 761 2099 auctor
783 2041 827 2100 est
847 2057 869 2098 a
891 2035 1040 2101 eminetis
1062 2037 1229 2118 suffossam
1250 2039 1286 2101 ia
1308 2037 1425 2120 Hispa·

282 2145 338 2207 aia
360 2142 515 2224 mirra,
537 2161 559 2204 a
577 2141 671 2223 talpis
687 2141 723 2205 ia
739 2141 913 2224 Thessalia,
935 2141 975 2206 ab
993 2145 1082 2208 roais
1099 2145 1251 2208 ciuitatem
1268 2145 1304 2208 ia
1318 2143 1428 2209 Gallia

275 2251 417 2332 pulsam,
447 2248 486 2313 ab
509 2248 632 2314 neae
654 2249 689 2312 ia
711 2247 839 2328 Afri'ea,
866 2269 904 2312 eoo
927 2247 1033 2331 Gyaro
1056 2247 1224 2332 Gyobidim
1251 2251 1356 2316 iasrrla
1377 2251 1426 2314 in·

241 2377 267 2418 a
282 2357 363 2422 colas
390 2377 411 2420 a
438 2355 578 2420 maribus
603 2354 740 2437 stipatos,
767 2355 803 2419 ia
825 2354 926 2420 Italia
948 2355 1097 2439 Amyclas
1124 2377 1146 2420 a
1167 2358 1355 2439 serpentibus
1377 2358 1426 2422 de-

283 2463 421 2530 lotoe-
444 2461 521 2527 Alia
544 2462 685 2527 fortasse
710 2461 898 2545 suppeditet
911 2459 1036 2526 Valerii
1050 2461 1185 2528 Maximi
1208 2465 1245 2530 de
1266 2465 1428 2530 miraealis

284 2571 382 2653 eaput
404 2566 434 2651 1,
457 2569 486 2632 8.

372 2676 402 2740 4.
448 2672 555 2758 Magis
584 2675 725 2740 obnoxia
752 2673 962 2761 dubitationi,
990 2697 1087 2760 quam
1115 2697 1197 2760 quae
1221 2677 1261 2742 ad
1285 2678 1427 2763 reliquas

282 2787 385 2846 terras
417 2781 598 2866 pertinent,
632 2803 670 2846 ea
702 2785 778 2847 sunt
801 2781 958 2847 Varronis
990 2782 1176 2868 fragmenta
1208 2783 1428 2868 geographica

283 2911 364 2975 quae
396 2889 436 2953 ad
469 2889 575 2972 ipram
606 2889 764 2954 Italiam
798 2893 959 2972 spectant:
993 2911 1009 2953 e
1038 2911 1174 2974 quorum
1201 2911 1335 2954 numero
1363 2889 1426 2954 luib

283 2998 382 3062 etiam
405 2994 503 3059 Plinii
526 2995 607 3059 illud
631 3017 648 3059 e
671 2995 729 3079 ΠΙ,
756 2997 805 3080 12,
831 2994 940 3083 109;*)
981 2993 1066 3060 Nam
1090 2995 1153 3060 etsi
1176 2997 1209 3061 in
1231 2995 1349 3060 Raram
1371 2995 1425 3059 ba·

283 3122 451 3168 maaamm
478 3100 570 3165 libris
599 3099 637 3163 de
665 3100 746 3166 loeis
775 3106 907 3167 eatenus
936 3079 1064 3168 tantum
1087 3103 1209 3168 dietum
1234 3123 1317 3186 esse,
1349 3123 1426 3186 que-

283 3217 379 3276 tenus
413 3207 453 3274 ad
485 3207 638 3291 Romam,
670 3207 874 3292 Augustinus
908 3215 1075 3294 testetur„
1098 3215 1209 3274 tamen
1240 3213 1327 3275 reete
1364 3208 1427 3273 hoe
1564 3273 1569 3280 ,

283 3315 471 3381 Krnhnerus
490 3316 510 3381 l.
525 3338 549 3380 s.
561 3337 584 3380 s.
599 3315 726 3380 videtur
744 3315 778 3380 in
796 3331 867 3380 enm
885 3319 1012 3400 partem
1030 3315 1249 3401 interpretari,
1271 3319 1309 3380 ut
1326 3315 1426 3380 etiam

283 3423 323 3488 nd
347 3421 477 3487 ltaliam
500 3426 611 3505 patere
636 3420 847 3486 existimetur.
884 3421 1011 3488 Doeent
1034 3424 1122 3487 enim
1145 3422 1206 3488 hoo
1230 3444 1268 3488 ea
1286 3443 1369 3507 quae
1388 3443 1427 3485 er

283 3529 357 3595 Iter.
380 3528 467 3593 hum.
490 3529 583 3594 libris
606 3527 688 3594 VIII
712 3529 752 3593 ad
775 3527 855 3594 XIII
878 3529 963 3594 forte
987 3535 1116 3596 serrata
1139 3534 1227 3594 sunt:
1251 3529 1339 3594 velut
1362 3549 1427 3592 non

284 3635 325 3701 ad
340 3636 478 3702 Romam
498 3635 654 3720 profecto,
678 3634 734 3700 sed
754 3635 794 3700 ad
809 3635 941 3701 Italiam
961 3638 1125 3720 pertinent
1148 3657 1231 3720 quae
1256 3635 1295 3698 de
1316 3639 1427 3716 septem

283 3745 370 3808 iaxta
397 3743 529 3826 Repiaia
556 3743 662 3826 stirmis
696 3764 734 3806 ex
761 3741 817 3806 lib.
849 3740 879 3804 X
915 3741 1040 3806 Probus
1072 3741 1199 3825 profert
1226 3741 1260 3805 iu
1287 3739 1427 3806 Bucolic.

283 3841 438 3933 iuit.‚⁰vel
462 3871 544 3934 quae
568 3871 606 3914 ex
629 3847 676 3912 XI
694 3847 879 3913 Macrobius
895 3845 962 3912 Sat.
977 3846 1018 3931 ΙΙ,
1036 3847 1089 3912 12:
1112 3847 1155 3912 ad
1176 3848 1290 3912 vietam
1312 3848 1428 3929 optima

373 4058 398 4126 *)
423 4058 585 4113 Vmbilieam
600 4059 704 4113 Italiae
721 4058 814 4114 laeum
832 4057 1014 4114 Cutiliensem
1033 4059 1152 4126 apparet
1168 4075 1225 4114 non
1242 4058 1334 4114 minus
1353 4073 1427 4112 eom-

283 4147 365 4203 mode
390 4147 419 4202 in
442 4146 542 4201 ltaliae
568 4147 754 4218 descriptione
778 4149 815 4216 (h.
835 4165 859 4202 e.
883 4147 913 4202 in
935 4147 1038 4202 Rerum
1060 4147 1137 4201 hum.
1161 4147 1250 4218 libris)
1282 4163 1367 4218 quarn
1398 4145 1428 4200 in

283 4236 444 4292 Geometria
468 4236 523 4290 diei
546 4237 683 4306 potuisse3
713 4237 747 4292 de
770 4239 848 4304 laen,
876 4239 907 4292 ia
925 4253 978 4307 qao
996 4239 1107 4306 [lacteat
1125 4239 1232 4304 iri-seila,
1259 4254 1315 4292 non
1337 4234 1429 4290 minue

283 4325 438 4393 commode,
456 4343 541 4394 quam
559 4327 594 4382 de
614 4327 676 4380 aliis
695 4327 818 4394 lacubus,
837 4327 866 4382 in
880 4327 1066 4382 Admirandis.
1084 4359 1114 4367 -
1131 4325 1236 4382 Contra
1253 4343 1325 4396 quae
1344 4339 1429 4394 supra

284 4413 503 4484 exprompsimue
523 4415 653 4470 Pliniana
671 4417 718 4480 ΙΙΙ,
737 4421 762 4482 5,
781 4421 814 4469 45
834 4417 863 4469 et
881 4415 928 4484 ΙΙΙ,
949 4421 991 4484 10,
1010 4421 1053 4484 95,
1072 4432 1106 4470 ea
1124 4415 1229 4484 quippe
1248 4413 1277 4468 in
1295 4412 1428 4467 interval·

286 4503 377 4559 lorum
396 4501 616 4559 dimensionibus
634 4502 775 4559 versantia
792 4503 1003 4574 geometriae
1021 4501 1159 4576 imprimis
1178 4503 1247 4574 apte
1264 4503 1335 4560 sunt.
