<?xml version="1.0" encoding="UTF-8"?>
<!DOCTYPE html PUBLIC "-//W3C//DTD XHTML 1.0 Transitional//EN"
    "http://www.w3.org/TR/xhtml1/DTD/xhtml1-transitional.dtd">
<html xmlns="http://www.w3.org/1999/xhtml" xml:lang="en" lang="en">
 <head>
  <title>
</title>
<meta http-equiv="Content-Type" content="text/html;charset=utf-8" />
  <meta name='ocr-system' content='tesseract 3.04.00' />
  <meta name='ocr-capabilities' content='ocr_page ocr_carea ocr_par ocr_line ocrx_word'/>
</head>
<body>
  <div class='ocr_page' id='page_1' title='image "./fridericiritsch09wachgoog_0303.png"; bbox 0 0 3294 5104; ppageno 0'>
   <div class='ocr_carea' id='block_1_1' title="bbox 281 355 1035 420">
    <p class='ocr_par' dir='ltr' id='par_1_1' title="bbox 281 355 1035 420">
     <span class='ocr_line' id='line_1_1' title="bbox 281 355 1035 420; baseline -0.008 0"><span class='ocrx_word' id='word_1_1' title='bbox 281 355 346 420; x_wconf 79' lang='lat'><strong>278</strong></span> <span class='ocrx_word' id='word_1_2' title='bbox 425 371 431 380; x_wconf 92' lang='lat'>·</span> <span class='ocrx_word' id='word_1_3' title='bbox 675 370 711 417; x_wconf 80' lang='lat' dir='ltr'><strong>ur</strong></span> <span class='ocrx_word' id='word_1_4' title='bbox 735 368 845 417; x_wconf 74' lang='lat' dir='ltr'><strong>visun</strong></span> <span class='ocrx_word' id='word_1_5' title='bbox 868 367 1035 416; x_wconf 83' lang='lat' dir='ltr'><strong>runsnmr</strong></span> 
     </span>
    </p>
   </div>
   <div class='ocr_carea' id='block_1_2' title="bbox 282 507 1427 1024">
    <p class='ocr_par' dir='ltr' id='par_1_2' title="bbox 282 507 1427 936">
     <span class='ocr_line' id='line_1_2' title="bbox 282 507 1426 579; baseline -0.003 -15"><span class='ocrx_word' id='word_1_6' title='bbox 282 510 428 566; x_wconf 77' lang='lat' dir='ltr'>Terentius</span> <span class='ocrx_word' id='word_1_7' title='bbox 451 527 512 565; x_wconf 89' lang='lat' dir='ltr'><strong>cum</strong></span> <span class='ocrx_word' id='word_1_8' title='bbox 538 511 654 565; x_wconf 90' lang='lat' dir='ltr'><strong>Donato.</strong></span> <span class='ocrx_word' id='word_1_9' title='bbox 678 511 688 579; x_wconf 95' lang='lat' dir='ltr'><strong>l</strong></span> <span class='ocrx_word' id='word_1_10' title='bbox 712 511 751 564; x_wconf 86' lang='lat' dir='ltr'><strong>Iu</strong></span> <span class='ocrx_word' id='word_1_11' title='bbox 773 511 827 577; x_wconf 72' lang='lat' dir='ltr'><strong>flue</strong></span> <span class='ocrx_word' id='word_1_12' title='bbox 845 508 922 564; x_wconf 79' lang='lat' dir='ltr'><strong>sinis</strong></span> <span class='ocrx_word' id='word_1_13' title='bbox 942 507 1212 564; x_wconf 80' lang='lat' dir='ltr'><strong>Commentariorum</strong></span> <span class='ocrx_word' id='word_1_14' title='bbox 1231 507 1304 562; x_wconf 83' lang='lat' dir='ltr'><strong>Aelii</strong></span> <span class='ocrx_word' id='word_1_15' title='bbox 1323 507 1426 562; x_wconf 86' lang='lat' dir='ltr'><strong>Donati</strong></span> 
     </span>
     <span class='ocr_line' id='line_1_3' title="bbox 353 591 1427 670; baseline -0.004 -16"><span class='ocrx_word' id='word_1_16' title='bbox 353 591 435 670; x_wconf 86' lang='lat' dir='ltr'><strong>super</strong></span> <span class='ocrx_word' id='word_1_17' title='bbox 459 599 501 656; x_wconf 92' lang='lat' dir='ltr'><strong>.P.</strong></span> <span class='ocrx_word' id='word_1_18' title='bbox 525 598 650 654; x_wconf 75' lang='lat' dir='ltr'><strong>Terentii</strong></span> <span class='ocrx_word' id='word_1_19' title='bbox 673 598 734 652; x_wconf 81' lang='lat' dir='ltr'><strong>Afri</strong></span> <span class='ocrx_word' id='word_1_20' title='bbox 757 597 924 654; x_wconf 82' lang='lat' dir='ltr'><strong>Comoediis.</strong></span> <span class='ocrx_word' id='word_1_21' title='bbox 946 599 957 668; x_wconf 80' lang='lat' dir='ltr'><strong>l</strong></span> <span class='ocrx_word' id='word_1_22' title='bbox 979 615 1030 652; x_wconf 92' lang='lat' dir='ltr'><strong>nec</strong></span> <span class='ocrx_word' id='word_1_23' title='bbox 1054 614 1107 652; x_wconf 90' lang='lat' dir='ltr'><strong>non</strong></span> <span class='ocrx_word' id='word_1_24' title='bbox 1131 595 1243 651; x_wconf 84' lang='lat' dir='ltr'><strong>Ioannis</strong></span> <span class='ocrx_word' id='word_1_25' title='bbox 1262 596 1427 664; x_wconf 83' lang='lat' dir='ltr'><strong>Calphurnii</strong></span> 
     </span>
     <span class='ocr_line' id='line_1_4' title="bbox 353 685 1426 758; baseline -0.003 -15"><span class='ocrx_word' id='word_1_26' title='bbox 353 707 435 758; x_wconf 89' lang='lat' dir='ltr'><strong>super</strong></span> <span class='ocrx_word' id='word_1_27' title='bbox 448 687 784 743; x_wconf 74' lang='lat' dir='ltr'><strong>HeautOntimorumenon</strong></span> <span class='ocrx_word' id='word_1_28' title='bbox 798 687 944 743; x_wconf 85' lang='lat' dir='ltr'><strong>foeliciter.</strong></span> <span class='ocrx_word' id='word_1_29' title='bbox 958 690 968 756; x_wconf 90' lang='lat' dir='ltr'><strong>l</strong></span> <span class='ocrx_word' id='word_1_30' title='bbox 981 687 1107 742; x_wconf 87' lang='lat' dir='ltr'><strong>Vanetiis</strong></span> <span class='ocrx_word' id='word_1_31' title='bbox 1126 705 1176 756; x_wconf 88' lang='lat' dir='ltr'><strong>per</strong></span> <span class='ocrx_word' id='word_1_32' title='bbox 1189 686 1352 756; x_wconf 86' lang='lat' dir='ltr'><strong>Philippum</strong></span> <span class='ocrx_word' id='word_1_33' title='bbox 1366 685 1426 756; x_wconf 89' lang='lat' dir='ltr'><strong>pin-</strong></span> 
     </span>
     <span class='ocr_line' id='line_1_5' title="bbox 354 773 1427 844; baseline -0.003 -13"><span class='ocrx_word' id='word_1_34' title='bbox 354 777 427 832; x_wconf 89' lang='lat' dir='ltr'><strong>zium</strong></span> <span class='ocrx_word' id='word_1_35' title='bbox 450 777 605 831; x_wconf 81' lang='lat' dir='ltr'><strong>Mantuanis</strong></span> <span class='ocrx_word' id='word_1_36' title='bbox 629 779 709 831; x_wconf 86' lang='lat' dir='ltr'><strong>Anno</strong></span> <span class='ocrx_word' id='word_1_37' title='bbox 734 775 1085 831; x_wconf 79' lang='lat' dir='ltr'><strong>dni.M.0000.xc111.</strong></span> <span class='ocrx_word' id='word_1_38' title='bbox 1109 774 1199 844; x_wconf 85' lang='lat' dir='ltr'><strong>pridie</strong></span> <span class='ocrx_word' id='word_1_39' title='bbox 1222 791 1309 828; x_wconf 86' lang='lat' dir='ltr'><strong>nonas</strong></span> <span class='ocrx_word' id='word_1_40' title='bbox 1333 773 1427 828; x_wconf 86' lang='lat' dir='ltr'><strong>Iulias.</strong></span> 
     </span>
     <span class='ocr_line' id='line_1_6' title="bbox 354 862 1335 936; baseline -0.001 -17"><span class='ocrx_word' id='word_1_41' title='bbox 354 867 482 936; x_wconf 85' lang='lat' dir='ltr'><strong>Impante</strong></span> <span class='ocrx_word' id='word_1_42' title='bbox 500 865 667 934; x_wconf 74' lang='lat' dir='ltr'><strong>Augustino</strong></span> <span class='ocrx_word' id='word_1_43' title='bbox 685 865 836 920; x_wconf 85' lang='lat' dir='ltr'><strong>barbadioo</strong></span> <span class='ocrx_word' id='word_1_44' title='bbox 855 863 1029 919; x_wconf 85' lang='lat' dir='ltr'><strong>serenissimo</strong></span> <span class='ocrx_word' id='word_1_45' title='bbox 1049 863 1183 931; x_wconf 64' lang='lat' dir='ltr'><strong>Venetam</strong></span> <span class='ocrx_word' id='word_1_46' title='bbox 1201 862 1335 932; x_wconf 84' lang='lat' dir='ltr'><strong>principe.</strong></span> 
     </span>
    </p>

    <p class='ocr_par' dir='ltr' id='par_1_3' title="bbox 354 952 1391 1024">
     <span class='ocr_line' id='line_1_7' title="bbox 354 952 1391 1024; baseline -0.001 -17"><span class='ocrx_word' id='word_1_47' title='bbox 354 954 427 1008; x_wconf 88' lang='lat' dir='ltr'><strong>Laus</strong></span> <span class='ocrx_word' id='word_1_48' title='bbox 446 954 507 1010; x_wconf 88' lang='lat' dir='ltr'><strong>deo.</strong></span> <span class='ocrx_word' id='word_1_49' title='bbox 521 956 531 1024; x_wconf 90' lang='lat' dir='ltr'><strong>l</strong></span> <span class='ocrx_word' id='word_1_50' title='bbox 545 952 674 1024; x_wconf 73' lang='lat' dir='ltr'><strong>Sequitur</strong></span> <span class='ocrx_word' id='word_1_51' title='bbox 692 952 860 1023; x_wconf 84' lang='lat' dir='ltr'><strong>Registrum.</strong></span> <span class='ocrx_word' id='word_1_52' title='bbox 1344 953 1391 1018; x_wconf 75' lang='lat' dir='ltr'><strong>sol.</strong></span> 
     </span>
    </p>
   </div>
   <div class='ocr_carea' id='block_1_3' title="bbox 283 1129 1429 1376">
    <p class='ocr_par' dir='ltr' id='par_1_4' title="bbox 283 1129 1429 1376">
     <span class='ocr_line' id='line_1_8' title="bbox 283 1129 1429 1199; baseline 0.001 -16"><span class='ocrx_word' id='word_1_53' title='bbox 283 1130 417 1192; x_wconf 75' lang='lat' dir='ltr'><strong>(Iuits&#39;um</strong></span> <span class='ocrx_word' id='word_1_54' title='bbox 444 1131 514 1184; x_wconf 77' lang='lat' dir='ltr'><strong>deest</strong></span> <span class='ocrx_word' id='word_1_55' title='bbox 538 1130 570 1184; x_wconf 85' lang='lat' dir='ltr'><strong>iu</strong></span> <span class='ocrx_word' id='word_1_56' title='bbox 595 1129 745 1198; x_wconf 75' lang='lat' dir='ltr'><strong>exemplari</strong></span> <span class='ocrx_word' id='word_1_57' title='bbox 762 1129 917 1198; x_wconf 81' lang='lat' dir='ltr'><strong>Bouueusi)</strong></span> <span class='ocrx_word' id='word_1_58' title='bbox 955 1131 994 1184; x_wconf 87' lang='lat' dir='ltr'><strong>Iu</strong></span> <span class='ocrx_word' id='word_1_59' title='bbox 1016 1132 1070 1198; x_wconf 74' lang='lat' dir='ltr'><strong>flue</strong></span> <span class='ocrx_word' id='word_1_60' title='bbox 1088 1131 1148 1185; x_wconf 89' lang='lat' dir='ltr'><strong>Hoc</strong></span> <span class='ocrx_word' id='word_1_61' title='bbox 1172 1145 1240 1199; x_wconf 88' lang='lat' dir='ltr'><strong>opus</strong></span> <span class='ocrx_word' id='word_1_62' title='bbox 1263 1130 1429 1199; x_wconf 87' lang='lat' dir='ltr'><strong>impressum</strong></span> 
     </span>
     <span class='ocr_line' id='line_1_9' title="bbox 356 1216 1429 1287; baseline 0 -15"><span class='ocrx_word' id='word_1_63' title='bbox 356 1221 399 1273; x_wconf 91' lang='lat' dir='ltr'><strong>est</strong></span> <span class='ocrx_word' id='word_1_64' title='bbox 423 1216 575 1272; x_wconf 75' lang='lat' dir='ltr'><strong>Mediolani</strong></span> <span class='ocrx_word' id='word_1_65' title='bbox 599 1234 650 1286; x_wconf 91' lang='lat' dir='ltr'><strong>per</strong></span> <span class='ocrx_word' id='word_1_66' title='bbox 673 1217 786 1272; x_wconf 81' lang='lat' dir='ltr'><strong>Iodnem</strong></span> <span class='ocrx_word' id='word_1_67' title='bbox 812 1218 950 1287; x_wconf 86' lang='lat' dir='ltr'><strong>Angelum</strong></span> <span class='ocrx_word' id='word_1_68' title='bbox 977 1217 1173 1273; x_wconf 83' lang='lat' dir='ltr'><strong>Scinzenzeler.</strong></span> <span class='ocrx_word' id='word_1_69' title='bbox 1217 1219 1297 1272; x_wconf 86' lang='lat' dir='ltr'><strong>Anno</strong></span> <span class='ocrx_word' id='word_1_70' title='bbox 1323 1218 1429 1273; x_wconf 89' lang='lat' dir='ltr'><strong>domini</strong></span> 
     </span>
     <span class='ocr_line' id='line_1_10' title="bbox 356 1304 1394 1376; baseline 0.003 -17"><span class='ocrx_word' id='word_1_71' title='bbox 356 1305 401 1359; x_wconf 88' lang='lat' dir='ltr'><strong>.M.</strong></span> <span class='ocrx_word' id='word_1_72' title='bbox 420 1319 524 1360; x_wconf 77' lang='lat' dir='ltr'><strong>ccccm.</strong></span> <span class='ocrx_word' id='word_1_73' title='bbox 544 1304 590 1360; x_wconf 89' lang='lat' dir='ltr'><strong>die</strong></span> <span class='ocrx_word' id='word_1_74' title='bbox 603 1305 612 1373; x_wconf 86' lang='grc' dir='ltr'><strong>ΙΙ</strong></span> <span class='ocrx_word' id='word_1_75' title='bbox 626 1319 689 1360; x_wconf 77' lang='lat' dir='ltr'><strong>xix.</strong></span> <span class='ocrx_word' id='word_1_76' title='bbox 709 1305 845 1360; x_wconf 91' lang='lat' dir='ltr'><strong>Octobris.</strong></span> <span class='ocrx_word' id='word_1_77' title='bbox 860 1309 870 1375; x_wconf 88' lang='grc' dir='ltr'><strong>ΙΙ</strong></span> <span class='ocrx_word' id='word_1_78' title='bbox 884 1307 1014 1374; x_wconf 71' lang='lat' dir='ltr'><strong>Sequitur·</strong></span> <span class='ocrx_word' id='word_1_79' title='bbox 1032 1306 1201 1376; x_wconf 81' lang='lat' dir='ltr'><strong>Registrum.</strong></span> <span class='ocrx_word' id='word_1_80' title='bbox 1345 1308 1394 1373; x_wconf 82' lang='lat' dir='ltr'><strong>sel.</strong></span> 
     </span>
    </p>
   </div>
   <div class='ocr_carea' id='block_1_4' title="bbox 285 1463 1471 2158">
    <p class='ocr_par' dir='ltr' id='par_1_5' title="bbox 285 1463 1471 2158">
     <span class='ocr_line' id='line_1_11' title="bbox 285 1463 1429 1536; baseline 0.002 -18"><span class='ocrx_word' id='word_1_81' title='bbox 285 1465 314 1520; x_wconf 82' lang='grc' dir='ltr'><strong>Ρ.</strong></span> <span class='ocrx_word' id='word_1_82' title='bbox 335 1463 458 1519; x_wconf 76' lang='lat' dir='ltr'><strong>Terentii</strong></span> <span class='ocrx_word' id='word_1_83' title='bbox 482 1464 562 1533; x_wconf 85' lang='lat' dir='ltr'><strong>aphri</strong></span> <span class='ocrx_word' id='word_1_84' title='bbox 581 1464 687 1519; x_wconf 83' lang='lat' dir='ltr'><strong>Comici</strong></span> <span class='ocrx_word' id='word_1_85' title='bbox 709 1467 810 1534; x_wconf 89' lang='lat' dir='ltr'><strong>poetae</strong></span> <span class='ocrx_word' id='word_1_86' title='bbox 832 1464 1020 1520; x_wconf 74' lang='lat' dir='ltr'><strong>disertissimi</strong></span> <span class='ocrx_word' id='word_1_87' title='bbox 1045 1465 1241 1536; x_wconf 81' lang='lat' dir='ltr'><strong>Elegdtissime</strong></span> <span class='ocrx_word' id='word_1_88' title='bbox 1265 1483 1312 1521; x_wconf 83' lang='lat' dir='ltr'><strong>sex</strong></span> <span class='ocrx_word' id='word_1_89' title='bbox 1339 1482 1429 1520; x_wconf 88' lang='lat' dir='ltr'><strong>come-</strong></span> 
     </span>
     <span class='ocr_line' id='line_1_12' title="bbox 357 1553 1430 1624; baseline 0.002 -18"><span class='ocrx_word' id='word_1_90' title='bbox 357 1553 414 1608; x_wconf 91' lang='lat' dir='ltr'><strong>die:</strong></span> <span class='ocrx_word' id='word_1_91' title='bbox 438 1554 473 1607; x_wconf 83' lang='lat' dir='ltr'><strong>ori</strong></span> <span class='ocrx_word' id='word_1_92' title='bbox 496 1553 644 1608; x_wconf 83' lang='lat' dir='ltr'><strong>succinctis</strong></span> <span class='ocrx_word' id='word_1_93' title='bbox 658 1557 667 1622; x_wconf 88' lang='grc' dir='ltr'><strong>ΙΙ</strong></span> <span class='ocrx_word' id='word_1_94' title='bbox 681 1554 831 1610; x_wconf 80' lang='lat' dir='ltr'><strong>admodum</strong></span> <span class='ocrx_word' id='word_1_95' title='bbox 851 1553 1070 1624; x_wconf 79' lang='lat' dir='ltr'><strong>copendiosisqi:</strong></span> <span class='ocrx_word' id='word_1_96' title='bbox 1093 1571 1148 1609; x_wconf 90' lang='lat' dir='ltr'><strong>non</strong></span> <span class='ocrx_word' id='word_1_97' title='bbox 1167 1555 1258 1610; x_wconf 90' lang='lat' dir='ltr'><strong>minus</strong></span> <span class='ocrx_word' id='word_1_98' title='bbox 1277 1553 1352 1610; x_wconf 77' lang='lat' dir='ltr'><strong>tame</strong></span> <span class='ocrx_word' id='word_1_99' title='bbox 1366 1556 1376 1622; x_wconf 93' lang='grc' dir='ltr'><strong>ΙΙ</strong></span> <span class='ocrx_word' id='word_1_100' title='bbox 1390 1553 1430 1608; x_wconf 88' lang='lat' dir='ltr'><strong>di-</strong></span> 
     </span>
     <span class='ocr_line' id='line_1_13' title="bbox 356 1640 1430 1714; baseline 0.004 -20"><span class='ocrx_word' id='word_1_101' title='bbox 356 1640 469 1695; x_wconf 85' lang='lat' dir='ltr'><strong>lucidis:</strong></span> <span class='ocrx_word' id='word_1_102' title='bbox 488 1641 589 1697; x_wconf 84' lang='lat' dir='ltr'><strong>Jodoci</strong></span> <span class='ocrx_word' id='word_1_103' title='bbox 603 1641 684 1697; x_wconf 82' lang='lat' dir='ltr'><strong>Budii</strong></span> <span class='ocrx_word' id='word_1_104' title='bbox 703 1642 804 1698; x_wconf 76' lang='lat' dir='ltr'><strong>ascesii</strong></span> <span class='ocrx_word' id='word_1_105' title='bbox 822 1642 1082 1714; x_wconf 65' lang='lat' dir='ltr'><strong>explanatiolfnibus.</strong></span> <span class='ocrx_word' id='word_1_106' title='bbox 1097 1645 1107 1712; x_wconf 81' lang='grc' dir='ltr'><strong>ΙΙ</strong></span> <span class='ocrx_word' id='word_1_107' title='bbox 1121 1675 1153 1684; x_wconf 93' lang='grc'>-</span> <span class='ocrx_word' id='word_1_108' title='bbox 1171 1643 1351 1697; x_wconf 80' lang='lat' dir='ltr'><strong>Uenundistur</strong></span> <span class='ocrx_word' id='word_1_109' title='bbox 1364 1644 1430 1698; x_wconf 92' lang='lat' dir='ltr'><strong>Par·</strong></span> 
     </span>
     <span class='ocr_line' id='line_1_14' title="bbox 355 1729 1471 1802; baseline 0.002 -18"><span class='ocrx_word' id='word_1_110' title='bbox 355 1729 449 1785; x_wconf 89' lang='lat' dir='ltr'><strong>rhisiis</strong></span> <span class='ocrx_word' id='word_1_111' title='bbox 474 1731 503 1785; x_wconf 92' lang='lat' dir='ltr'><strong>in</strong></span> <span class='ocrx_word' id='word_1_112' title='bbox 529 1731 591 1786; x_wconf 89' lang='lat' dir='ltr'><strong>vico</strong></span> <span class='ocrx_word' id='word_1_113' title='bbox 614 1730 817 1786; x_wconf 81' lang='lat' dir='ltr'><strong>Matutinorum</strong></span> <span class='ocrx_word' id='word_1_114' title='bbox 839 1734 849 1800; x_wconf 89' lang='grc' dir='ltr'><strong>ΙΙ</strong></span> <span class='ocrx_word' id='word_1_115' title='bbox 872 1732 945 1786; x_wconf 86' lang='lat' dir='ltr'><strong>aM.</strong></span> <span class='ocrx_word' id='word_1_116' title='bbox 965 1731 1097 1787; x_wconf 87' lang='lat' dir='ltr'><strong>Durando</strong></span> <span class='ocrx_word' id='word_1_117' title='bbox 1123 1732 1225 1802; x_wconf 79' lang='lat' dir='ltr'><strong>gerbas</strong></span> <span class='ocrx_word' id='word_1_118' title='bbox 1267 1733 1292 1785; x_wconf 86' lang='lat' dir='ltr'>A</span> <span class='ocrx_word' id='word_1_119' title='bbox 1310 1731 1431 1786; x_wconf 85' lang='lat' dir='ltr'><strong>lestrille</strong></span> <span class='ocrx_word' id='word_1_120' title='bbox 1463 1769 1471 1786; x_wconf 74' lang='grc'><strong>,</strong></span> 
     </span>
     <span class='ocr_line' id='line_1_15' title="bbox 355 1817 1430 1890; baseline -0.001 -16"><span class='ocrx_word' id='word_1_121' title='bbox 355 1819 525 1874; x_wconf 83' lang='lat' dir='ltr'><strong>iaulxvaaul.</strong></span> <span class='ocrx_word' id='word_1_122' title='bbox 543 1823 553 1888; x_wconf 86' lang='grc' dir='ltr'><strong>ΙΙ</strong></span> <span class='ocrx_word' id='word_1_123' title='bbox 572 1822 611 1874; x_wconf 90' lang='lat' dir='ltr'><strong>Iu</strong></span> <span class='ocrx_word' id='word_1_124' title='bbox 634 1823 688 1888; x_wconf 63' lang='lat' dir='ltr'><strong>{iric</strong></span> <span class='ocrx_word' id='word_1_125' title='bbox 706 1820 782 1875; x_wconf 80' lang='lat' dir='ltr'><strong>Finis</strong></span> <span class='ocrx_word' id='word_1_126' title='bbox 806 1817 1048 1890; x_wconf 73' lang='lat' dir='ltr'><strong>elegantissimam</strong></span> <span class='ocrx_word' id='word_1_127' title='bbox 1072 1820 1232 1876; x_wconf 71' lang='lat' dir='ltr'><strong>comedistis</strong></span> <span class='ocrx_word' id='word_1_128' title='bbox 1248 1819 1373 1875; x_wconf 86' lang='lat' dir='ltr'><strong>Terentii</strong></span> <span class='ocrx_word' id='word_1_129' title='bbox 1397 1819 1430 1874; x_wconf 80' lang='lat' dir='ltr'><strong>cri</strong></span> 
     </span>
     <span class='ocr_line' id='line_1_16' title="bbox 357 1907 1432 1980; baseline 0 -18"><span class='ocrx_word' id='word_1_130' title='bbox 357 1907 532 1963; x_wconf 67' lang='lat' dir='ltr'><strong>enotatdnib⁰</strong></span> <span class='ocrx_word' id='word_1_131' title='bbox 548 1908 657 1979; x_wconf 53' lang='lat' dir='ltr'><strong>Joltdoci</strong></span> <span class='ocrx_word' id='word_1_132' title='bbox 676 1909 758 1963; x_wconf 84' lang='lat' dir='ltr'><strong>Bsdii</strong></span> <span class='ocrx_word' id='word_1_133' title='bbox 780 1909 910 1979; x_wconf 86' lang='lat' dir='ltr'><strong>ascensij:</strong></span> <span class='ocrx_word' id='word_1_134' title='bbox 935 1909 971 1963; x_wconf 86' lang='lat' dir='ltr'><strong>ab</strong></span> <span class='ocrx_word' id='word_1_135' title='bbox 990 1908 1059 1965; x_wconf 75' lang='lat' dir='ltr'><strong>codd</strong></span> <span class='ocrx_word' id='word_1_136' title='bbox 1078 1908 1221 1980; x_wconf 85' lang='lat' dir='ltr'><strong>impensis.</strong></span> <span class='ocrx_word' id='word_1_137' title='bbox 1258 1911 1294 1965; x_wconf 88' lang='lat' dir='ltr'><strong>M.</strong></span> <span class='ocrx_word' id='word_1_138' title='bbox 1314 1907 1432 1964; x_wconf 87' lang='lat' dir='ltr'><strong>durandi</strong></span> 
     </span>
     <span class='ocr_line' id='line_1_17' title="bbox 357 1995 1431 2066; baseline 0.001 -16"><span class='ocrx_word' id='word_1_139' title='bbox 357 1995 467 2066; x_wconf 85' lang='lat' dir='ltr'><strong>gerlier.</strong></span> <span class='ocrx_word' id='word_1_140' title='bbox 481 1996 636 2066; x_wconf 82' lang='lat' dir='ltr'><strong>impressidi</strong></span> <span class='ocrx_word' id='word_1_141' title='bbox 651 1996 780 2064; x_wconf 75' lang='lat' dir='ltr'><strong>mdjdatis</strong></span> <span class='ocrx_word' id='word_1_142' title='bbox 795 1999 856 2065; x_wconf 77' lang='lat' dir='ltr'><strong>atqz</strong></span> <span class='ocrx_word' id='word_1_143' title='bbox 870 1997 1005 2052; x_wconf 78' lang='lat' dir='ltr'><strong>absolutis</strong></span> <span class='ocrx_word' id='word_1_144' title='bbox 1020 1998 1055 2052; x_wconf 86' lang='lat' dir='ltr'><strong>ad</strong></span> <span class='ocrx_word' id='word_1_145' title='bbox 1070 1998 1200 2054; x_wconf 86' lang='lat' dir='ltr'><strong>calendas</strong></span> <span class='ocrx_word' id='word_1_146' title='bbox 1214 1999 1332 2054; x_wconf 87' lang='lat' dir='ltr'><strong>Februa.</strong></span> <span class='ocrx_word' id='word_1_147' title='bbox 1357 1997 1431 2052; x_wconf 86' lang='lat' dir='ltr'><strong>Anni</strong></span> 
     </span>
     <span class='ocr_line' id='line_1_18' title="bbox 358 2084 1393 2158; baseline 0.002 -18"><span class='ocrx_word' id='word_1_148' title='bbox 358 2087 437 2140; x_wconf 84' lang='lat' dir='ltr'><strong>iuxta</strong></span> <span class='ocrx_word' id='word_1_149' title='bbox 454 2085 588 2141; x_wconf 81' lang='lat' dir='ltr'><strong>Purisieri.</strong></span> <span class='ocrx_word' id='word_1_150' title='bbox 608 2085 730 2140; x_wconf 81' lang='lat' dir='ltr'><strong>calculos</strong></span> <span class='ocrx_word' id='word_1_151' title='bbox 744 2087 754 2154; x_wconf 88' lang='grc' dir='ltr'><strong>ΙΙ</strong></span> <span class='ocrx_word' id='word_1_152' title='bbox 768 2084 1197 2158; x_wconf 74' lang='lat' dir='ltr'><strong>Millesimiquingdtesimitertij.</strong></span> <span class='ocrx_word' id='word_1_153' title='bbox 1368 2093 1393 2142; x_wconf 77' lang='grc'><strong>4.</strong></span> 
     </span>
    </p>
   </div>
   <div class='ocr_carea' id='block_1_5' title="bbox 287 2244 1441 2938">
    <p class='ocr_par' dir='ltr' id='par_1_6' title="bbox 287 2244 1433 2318">
     <span class='ocr_line' id='line_1_19' title="bbox 287 2244 1433 2318; baseline -0.001 -16"><span class='ocrx_word' id='word_1_154' title='bbox 287 2245 434 2302; x_wconf 87' lang='lat' dir='ltr'><strong>Terentius</strong></span> <span class='ocrx_word' id='word_1_155' title='bbox 459 2263 523 2300; x_wconf 91' lang='lat' dir='ltr'><strong>cum</strong></span> <span class='ocrx_word' id='word_1_156' title='bbox 542 2246 552 2314; x_wconf 91' lang='lat' dir='ltr'><strong>l</strong></span> <span class='ocrx_word' id='word_1_157' title='bbox 572 2244 672 2315; x_wconf 79' lang='lat' dir='ltr'><strong>quinqt</strong></span> <span class='ocrx_word' id='word_1_158' title='bbox 695 2245 851 2317; x_wconf 73' lang='lat' dir='ltr'><strong>cementis:</strong></span> <span class='ocrx_word' id='word_1_159' title='bbox 877 2261 907 2302; x_wconf 80' lang='lat' dir='ltr'><strong>vi</strong></span> <span class='ocrx_word' id='word_1_160' title='bbox 925 2245 1049 2317; x_wconf 66' lang='lat' dir='ltr'><strong>Donati:</strong></span> <span class='ocrx_word' id='word_1_161' title='bbox 1075 2245 1234 2318; x_wconf 68' lang='lat' dir='ltr'><strong>Gnidopis:</strong></span> <span class='ocrx_word' id='word_1_162' title='bbox 1260 2247 1400 2318; x_wconf 70' lang='lat' dir='ltr'><strong>Callphur.</strong></span> <span class='ocrx_word' id='word_1_163' title='bbox 1431 2249 1433 2312; x_wconf 80' lang='lat' dir='ltr'><strong>l</strong></span> 
     </span>
    </p>

    <p class='ocr_par' dir='ltr' id='par_1_7' title="bbox 358 2334 1432 2408">
     <span class='ocr_line' id='line_1_20' title="bbox 358 2334 1432 2408; baseline 0.004 -20"><span class='ocrx_word' id='word_1_164' title='bbox 358 2334 484 2390; x_wconf 83' lang='lat' dir='ltr'><strong>Ascensii</strong></span> <span class='ocrx_word' id='word_1_165' title='bbox 502 2351 513 2392; x_wconf 86' lang='lat'><em>2</em></span> <span class='ocrx_word' id='word_1_166' title='bbox 532 2334 631 2390; x_wconf 86' lang='lat' dir='ltr'><strong>Seruii.</strong></span> <span class='ocrx_word' id='word_1_167' title='bbox 645 2337 655 2406; x_wconf 95' lang='lat' dir='ltr'><strong>l</strong></span> <span class='ocrx_word' id='word_1_168' title='bbox 670 2335 738 2390; x_wconf 83' lang='lat' dir='ltr'><strong>Cum</strong></span> <span class='ocrx_word' id='word_1_169' title='bbox 761 2335 855 2406; x_wconf 87' lang='lat' dir='ltr'><strong>gratia</strong></span> <span class='ocrx_word' id='word_1_170' title='bbox 877 2336 912 2391; x_wconf 92' lang='lat' dir='ltr'><strong>ob</strong></span> <span class='ocrx_word' id='word_1_171' title='bbox 935 2337 1048 2405; x_wconf 83' lang='lat' dir='ltr'><strong>figuras:</strong></span> <span class='ocrx_word' id='word_1_172' title='bbox 1063 2338 1072 2406; x_wconf 81' lang='grc' dir='ltr'><strong>ΙΙ</strong></span> <span class='ocrx_word' id='word_1_173' title='bbox 1086 2337 1118 2390; x_wconf 92' lang='lat' dir='ltr'><strong>ut</strong></span> <span class='ocrx_word' id='word_1_174' title='bbox 1135 2352 1166 2405; x_wconf 76' lang='lat' dir='ltr'><strong>ps</strong></span> <span class='ocrx_word' id='word_1_175' title='bbox 1185 2337 1214 2391; x_wconf 90' lang='lat' dir='ltr'><strong>in</strong></span> <span class='ocrx_word' id='word_1_176' title='bbox 1233 2335 1272 2392; x_wconf 73' lang='lat' dir='ltr'><strong>ei⁹</strong></span> <span class='ocrx_word' id='word_1_177' title='bbox 1291 2335 1432 2408; x_wconf 80' lang='lat' dir='ltr'><strong>puilegijs.</strong></span> 
     </span>
    </p>

    <p class='ocr_par' dir='ltr' id='par_1_8' title="bbox 364 2424 1433 2495">
     <span class='ocr_line' id='line_1_21' title="bbox 364 2424 1433 2495; baseline 0.003 -18"><span class='ocrx_word' id='word_1_178' title='bbox 364 2425 367 2477; x_wconf 70' lang='grc' dir='ltr'>ἶ</span> <span class='ocrx_word' id='word_1_179' title='bbox 388 2425 426 2478; x_wconf 89' lang='lat' dir='ltr'><strong>Iu</strong></span> <span class='ocrx_word' id='word_1_180' title='bbox 443 2425 498 2492; x_wconf 73' lang='lat' dir='ltr'><strong>flue</strong></span> <span class='ocrx_word' id='word_1_181' title='bbox 516 2426 685 2495; x_wconf 88' lang='lat' dir='ltr'><strong>Impressum</strong></span> <span class='ocrx_word' id='word_1_182' title='bbox 703 2424 837 2492; x_wconf 87' lang='lat' dir='ltr'><strong>Venetiis</strong></span> <span class='ocrx_word' id='word_1_183' title='bbox 854 2443 905 2495; x_wconf 86' lang='lat' dir='ltr'><strong>per</strong></span> <span class='ocrx_word' id='word_1_184' title='bbox 923 2425 1059 2480; x_wconf 82' lang='lat' dir='ltr'><strong>Lazarum</strong></span> <span class='ocrx_word' id='word_1_185' title='bbox 1078 2425 1113 2479; x_wconf 91' lang='lat' dir='ltr'><strong>de</strong></span> <span class='ocrx_word' id='word_1_186' title='bbox 1133 2425 1245 2480; x_wconf 77' lang='lat' dir='ltr'><strong>Susidis</strong></span> <span class='ocrx_word' id='word_1_187' title='bbox 1265 2425 1310 2480; x_wconf 90' lang='lat' dir='ltr'><strong>die</strong></span> <span class='ocrx_word' id='word_1_188' title='bbox 1325 2425 1433 2480; x_wconf 78' lang='lat' dir='ltr'><strong>,XXllL</strong></span> 
     </span>
    </p>

    <p class='ocr_par' dir='ltr' id='par_1_9' title="bbox 359 2512 1441 2583">
     <span class='ocr_line' id='line_1_22' title="bbox 359 2512 1441 2583; baseline 0.002 -17"><span class='ocrx_word' id='word_1_189' title='bbox 359 2513 503 2568; x_wconf 77' lang='lat' dir='ltr'><strong>Februarii</strong></span> <span class='ocrx_word' id='word_1_190' title='bbox 523 2512 568 2568; x_wconf 90' lang='grc' dir='ltr'><strong>.Μ.</strong></span> <span class='ocrx_word' id='word_1_191' title='bbox 588 2513 620 2568; x_wconf 89' lang='lat' dir='ltr'><strong>D.</strong></span> <span class='ocrx_word' id='word_1_192' title='bbox 639 2512 700 2567; x_wconf 87' lang='lat' dir='ltr'>XII.</span> <span class='ocrx_word' id='word_1_193' title='bbox 738 2512 792 2578; x_wconf 80' lang='lat' dir='ltr'><strong>Qui</strong></span> <span class='ocrx_word' id='word_1_194' title='bbox 810 2529 827 2567; x_wconf 86' lang='lat' dir='ltr'><strong>a</strong></span> <span class='ocrx_word' id='word_1_195' title='bbox 846 2513 950 2568; x_wconf 87' lang='lat' dir='ltr'><strong>Senatu</strong></span> <span class='ocrx_word' id='word_1_196' title='bbox 968 2513 1139 2568; x_wconf 85' lang='lat' dir='ltr'><strong>Venetorum</strong></span> <span class='ocrx_word' id='word_1_197' title='bbox 1158 2512 1280 2568; x_wconf 88' lang='lat' dir='ltr'><strong>obtinuit</strong></span> <span class='ocrx_word' id='word_1_198' title='bbox 1297 2531 1321 2583; x_wconf 82' lang='lat' dir='ltr'><strong>q,</strong></span> <span class='ocrx_word' id='word_1_199' title='bbox 1342 2514 1441 2574; x_wconf 85' lang='lat' dir='ltr'><strong>nullus¹</strong></span> 
     </span>
    </p>

    <p class='ocr_par' dir='ltr' id='par_1_10' title="bbox 359 2601 1434 2671">
     <span class='ocr_line' id='line_1_23' title="bbox 359 2601 1434 2671; baseline 0.003 -17"><span class='ocrx_word' id='word_1_200' title='bbox 359 2601 528 2671; x_wconf 61' lang='lat' dir='ltr'><strong>imprllmere</strong></span> <span class='ocrx_word' id='word_1_201' title='bbox 547 2618 596 2656; x_wconf 91' lang='lat' dir='ltr'><strong>seu</strong></span> <span class='ocrx_word' id='word_1_202' title='bbox 614 2601 737 2670; x_wconf 90' lang='lat' dir='ltr'><strong>imprimi</strong></span> <span class='ocrx_word' id='word_1_203' title='bbox 755 2601 848 2656; x_wconf 83' lang='lat' dir='ltr'><strong>iacere</strong></span> <span class='ocrx_word' id='word_1_204' title='bbox 868 2601 971 2658; x_wconf 86' lang='lat' dir='ltr'><strong>audeat</strong></span> <span class='ocrx_word' id='word_1_205' title='bbox 989 2618 1084 2657; x_wconf 89' lang='lat' dir='ltr'><strong>eorum</strong></span> <span class='ocrx_word' id='word_1_206' title='bbox 1098 2601 1127 2655; x_wconf 93' lang='lat' dir='ltr'><strong>in</strong></span> <span class='ocrx_word' id='word_1_207' title='bbox 1141 2601 1282 2657; x_wconf 86' lang='lat' dir='ltr'><strong>territorio</strong></span> <span class='ocrx_word' id='word_1_208' title='bbox 1296 2603 1347 2657; x_wconf 91' lang='lat' dir='ltr'><strong>sub</strong></span> <span class='ocrx_word' id='word_1_209' title='bbox 1361 2603 1434 2657; x_wconf 90' lang='lat' dir='ltr'><strong>mul-</strong></span> 
     </span>
    </p>

    <p class='ocr_par' dir='ltr' id='par_1_11' title="bbox 360 2690 1433 2761">
     <span class='ocr_line' id='line_1_24' title="bbox 360 2690 1433 2761; baseline 0.001 -15"><span class='ocrx_word' id='word_1_210' title='bbox 360 2694 418 2746; x_wconf 85' lang='lat' dir='ltr'><strong>cta:</strong></span> <span class='ocrx_word' id='word_1_211' title='bbox 437 2693 470 2745; x_wconf 91' lang='lat' dir='ltr'><strong>ut</strong></span> <span class='ocrx_word' id='word_1_212' title='bbox 489 2690 545 2744; x_wconf 89' lang='lat' dir='ltr'><strong>suis</strong></span> <span class='ocrx_word' id='word_1_213' title='bbox 564 2690 594 2744; x_wconf 91' lang='lat' dir='ltr'><strong>in</strong></span> <span class='ocrx_word' id='word_1_214' title='bbox 612 2690 710 2761; x_wconf 87' lang='lat' dir='ltr'><strong>gratiis</strong></span> <span class='ocrx_word' id='word_1_215' title='bbox 728 2693 815 2760; x_wconf 90' lang='lat' dir='ltr'><strong>patet.</strong></span> <span class='ocrx_word' id='word_1_216' title='bbox 829 2693 839 2760; x_wconf 80' lang='lat' dir='ltr'><strong>tt</strong></span> <span class='ocrx_word' id='word_1_217' title='bbox 853 2691 983 2761; x_wconf 76' lang='lat' dir='ltr'><strong>Sequitur</strong></span> <span class='ocrx_word' id='word_1_218' title='bbox 1001 2693 1047 2746; x_wconf 82' lang='lat' dir='ltr'><strong>Ad</strong></span> <span class='ocrx_word' id='word_1_219' title='bbox 1059 2691 1205 2747; x_wconf 83' lang='lat' dir='ltr'><strong>Lecturam</strong></span> <span class='ocrx_word' id='word_1_220' title='bbox 1220 2691 1306 2746; x_wconf 86' lang='lat' dir='ltr'><strong>Index</strong></span> <span class='ocrx_word' id='word_1_221' title='bbox 1325 2694 1433 2747; x_wconf 83' lang='lat' dir='ltr'><strong>odmen-</strong></span> 
     </span>
    </p>

    <p class='ocr_par' dir='ltr' id='par_1_12' title="bbox 327 2777 1435 2938">
     <span class='ocr_line' id='line_1_25' title="bbox 327 2777 1435 2848; baseline 0.002 -14"><span class='ocrx_word' id='word_1_222' title='bbox 327 2805 331 2812; x_wconf 92' lang='lat'>·</span> <span class='ocrx_word' id='word_1_223' title='bbox 361 2777 494 2834; x_wconf 70' lang='lat' dir='ltr'><strong>tardorum</strong></span> <span class='ocrx_word' id='word_1_224' title='bbox 508 2779 626 2834; x_wconf 70' lang='lat' dir='ltr'><strong>disticte</strong></span> <span class='ocrx_word' id='word_1_225' title='bbox 639 2784 769 2848; x_wconf 71' lang='lat' dir='ltr'><strong>quactum</strong></span> <span class='ocrx_word' id='word_1_226' title='bbox 782 2810 817 2820; x_wconf 91' lang='lat'><em>-</em></span> <span class='ocrx_word' id='word_1_227' title='bbox 836 2780 880 2834; x_wconf 76' lang='lat' dir='ltr'><strong>nd</strong></span> <span class='ocrx_word' id='word_1_228' title='bbox 894 2781 1020 2837; x_wconf 86' lang='lat' dir='ltr'><strong>eundem.</strong></span> <span class='ocrx_word' id='word_1_229' title='bbox 1041 2779 1191 2836; x_wconf 80' lang='lat' dir='ltr'><strong>Excusatio</strong></span> <span class='ocrx_word' id='word_1_230' title='bbox 1205 2779 1303 2835; x_wconf 82' lang='lat' dir='ltr'><strong>basari</strong></span> <span class='ocrx_word' id='word_1_231' title='bbox 1316 2781 1435 2836; x_wconf 76' lang='lat' dir='ltr'><strong>disticte</strong></span> 
     </span>
     <span class='ocr_line' id='line_1_26' title="bbox 361 2867 1398 2938; baseline 0.004 -16"><span class='ocrx_word' id='word_1_232' title='bbox 361 2870 417 2924; x_wconf 81' lang='lat' dir='ltr'><strong>tria</strong></span> <span class='ocrx_word' id='word_1_233' title='bbox 437 2899 468 2908; x_wconf 92' lang='lat'>-</span> <span class='ocrx_word' id='word_1_234' title='bbox 488 2867 655 2938; x_wconf 84' lang='lat' dir='ltr'><strong>Registrum.</strong></span> <span class='ocrx_word' id='word_1_235' title='bbox 1351 2871 1398 2938; x_wconf 70' lang='lat' dir='ltr'><strong>[cl.</strong></span> 
     </span>
    </p>
   </div>
   <div class='ocr_carea' id='block_1_6' title="bbox 290 3049 1444 3577">
    <p class='ocr_par' dir='ltr' id='par_1_13' title="bbox 290 3049 1444 3577">
     <span class='ocr_line' id='line_1_27' title="bbox 379 3049 1435 3153; baseline 0.004 -24"><span class='ocrx_word' id='word_1_236' title='bbox 379 3065 440 3130; x_wconf 92' lang='lat' dir='ltr'><strong>His</strong></span> <span class='ocrx_word' id='word_1_237' title='bbox 465 3068 573 3130; x_wconf 88' lang='lat' dir='ltr'><strong>sutem</strong></span> <span class='ocrx_word' id='word_1_238' title='bbox 597 3088 679 3151; x_wconf 86' lang='lat' dir='ltr'><strong>quae</strong></span> <span class='ocrx_word' id='word_1_239' title='bbox 703 3089 800 3151; x_wconf 84' lang='lat' dir='ltr'><strong>supra</strong></span> <span class='ocrx_word' id='word_1_240' title='bbox 823 3049 1008 3152; x_wconf 61' lang='lat' dir='ltr'><strong>posui&#39;iam</strong></span> <span class='ocrx_word' id='word_1_241' title='bbox 1030 3067 1119 3152; x_wconf 83' lang='lat' dir='ltr'><strong>typis</strong></span> <span class='ocrx_word' id='word_1_242' title='bbox 1139 3067 1298 3153; x_wconf 87' lang='lat' dir='ltr'><strong>expressis</strong></span> <span class='ocrx_word' id='word_1_243' title='bbox 1317 3068 1352 3133; x_wconf 92' lang='lat' dir='ltr'><strong>in</strong></span> <span class='ocrx_word' id='word_1_244' title='bbox 1370 3091 1435 3134; x_wconf 85' lang='lat' dir='ltr'><strong>ma-</strong></span> 
     </span>
     <span class='ocr_line' id='line_1_28' title="bbox 290 3171 1444 3256; baseline 0.003 -19"><span class='ocrx_word' id='word_1_245' title='bbox 290 3194 351 3237; x_wconf 90' lang='lat' dir='ltr'><strong>nus</strong></span> <span class='ocrx_word' id='word_1_246' title='bbox 379 3193 467 3236; x_wconf 88' lang='lat' dir='ltr'><strong>meas</strong></span> <span class='ocrx_word' id='word_1_247' title='bbox 492 3171 640 3256; x_wconf 89' lang='lat' dir='ltr'><strong>quintum</strong></span> <span class='ocrx_word' id='word_1_248' title='bbox 668 3173 851 3256; x_wconf 87' lang='lat' dir='ltr'><strong>exemplum</strong></span> <span class='ocrx_word' id='word_1_249' title='bbox 878 3173 1026 3256; x_wconf 87' lang='lat' dir='ltr'><strong>pervenit</strong></span> <span class='ocrx_word' id='word_1_250' title='bbox 1049 3174 1185 3239; x_wconf 90' lang='lat' dir='ltr'><strong>comiter</strong></span> <span class='ocrx_word' id='word_1_251' title='bbox 1207 3175 1444 3240; x_wconf 67' lang='lat' dir='ltr'><strong>transmissum*</strong></span> 
     </span>
     <span class='ocr_line' id='line_1_29' title="bbox 292 3277 1435 3368; baseline 0.001 -23"><span class='ocrx_word' id='word_1_252' title='bbox 292 3277 541 3361; x_wconf 82' lang='lat' dir='ltr'><strong>aFleclreiseno,</strong></span> <span class='ocrx_word' id='word_1_253' title='bbox 561 3279 645 3363; x_wconf 88' lang='lat' dir='ltr'><strong>quod</strong></span> <span class='ocrx_word' id='word_1_254' title='bbox 664 3279 743 3343; x_wconf 89' lang='lat' dir='ltr'><strong>item</strong></span> <span class='ocrx_word' id='word_1_255' title='bbox 767 3278 917 3363; x_wconf 83' lang='lat' dir='ltr'><strong>ignorent</strong></span> <span class='ocrx_word' id='word_1_256' title='bbox 940 3278 1167 3364; x_wconf 88' lang='lat' dir='ltr'><strong>bibliographi.</strong></span> <span class='ocrx_word' id='word_1_257' title='bbox 1207 3281 1270 3346; x_wconf 77' lang='lat' dir='ltr'><strong>usi</strong></span> <span class='ocrx_word' id='word_1_258' title='bbox 1296 3281 1328 3346; x_wconf 92' lang='lat' dir='ltr'><strong>id</strong></span> <span class='ocrx_word' id='word_1_259' title='bbox 1352 3281 1435 3368; x_wconf 83' lang='lat' dir='ltr'><strong>Lug·</strong></span> 
     </span>
     <span class='ocr_line' id='line_1_30' title="bbox 292 3383 1436 3473; baseline 0.002 -22"><span class='ocrx_word' id='word_1_260' title='bbox 292 3387 436 3451; x_wconf 88' lang='lat' dir='ltr'><strong>dunense</strong></span> <span class='ocrx_word' id='word_1_261' title='bbox 459 3383 536 3448; x_wconf 89' lang='lat' dir='ltr'><strong>anni</strong></span> <span class='ocrx_word' id='word_1_262' title='bbox 562 3385 660 3469; x_wconf 78' lang='lat'>1502,</span> <span class='ocrx_word' id='word_1_263' title='bbox 683 3384 848 3468; x_wconf 89' lang='lat' dir='ltr'><strong>persimile</strong></span> <span class='ocrx_word' id='word_1_264' title='bbox 875 3385 948 3450; x_wconf 89' lang='lat' dir='ltr'><strong>aliis</strong></span> <span class='ocrx_word' id='word_1_265' title='bbox 977 3407 1059 3469; x_wconf 88' lang='lat' dir='ltr'><strong>quae</strong></span> <span class='ocrx_word' id='word_1_266' title='bbox 1088 3385 1173 3452; x_wconf 90' lang='lat' dir='ltr'><strong>circa</strong></span> <span class='ocrx_word' id='word_1_267' title='bbox 1200 3387 1279 3452; x_wconf 91' lang='lat' dir='ltr'><strong>illud</strong></span> <span class='ocrx_word' id='word_1_268' title='bbox 1308 3392 1436 3473; x_wconf 87' lang='lat' dir='ltr'><strong>tempus</strong></span> 
     </span>
     <span class='ocr_line' id='line_1_31' title="bbox 292 3489 1184 3577; baseline 0 -20"><span class='ocrx_word' id='word_1_269' title='bbox 292 3493 482 3577; x_wconf 87' lang='lat' dir='ltr'><strong>prodierunt</strong></span> <span class='ocrx_word' id='word_1_270' title='bbox 505 3489 786 3576; x_wconf 82' lang='lat' dir='ltr'><strong>Lugdunensibus,</strong></span> <span class='ocrx_word' id='word_1_271' title='bbox 809 3491 914 3556; x_wconf 90' lang='lat' dir='ltr'><strong>indice</strong></span> <span class='ocrx_word' id='word_1_272' title='bbox 938 3491 1067 3577; x_wconf 88' lang='lat' dir='ltr'><strong>quidem</strong></span> <span class='ocrx_word' id='word_1_273' title='bbox 1090 3491 1184 3559; x_wconf 91' lang='lat' dir='ltr'><strong>hoce:</strong></span> 
     </span>
    </p>
   </div>
   <div class='ocr_carea' id='block_1_7' title="bbox 364 3753 1439 4520">
    <p class='ocr_par' dir='ltr' id='par_1_14' title="bbox 364 3753 1439 4520">
     <span class='ocr_line' id='line_1_32' title="bbox 365 3753 1437 3828; baseline 0 -18"><span class='ocrx_word' id='word_1_274' title='bbox 365 3757 428 3810; x_wconf 83' lang='lat' dir='ltr'><strong>nale</strong></span> <span class='ocrx_word' id='word_1_275' title='bbox 452 3755 512 3810; x_wconf 85' lang='lat' dir='ltr'><strong>viro</strong></span> <span class='ocrx_word' id='word_1_276' title='bbox 536 3755 605 3828; x_wconf 63' lang='lat' dir='ltr'><strong>persp</strong></span> <span class='ocrx_word' id='word_1_277' title='bbox 625 3755 760 3825; x_wconf 71' lang='lat' dir='ltr'><strong>littterato</strong></span> <span class='ocrx_word' id='word_1_278' title='bbox 779 3754 954 3809; x_wconf 80' lang='lat' dir='ltr'><strong>familiariter</strong></span> <span class='ocrx_word' id='word_1_279' title='bbox 974 3753 1122 3822; x_wconf 84' lang='lat' dir='ltr'><strong>explanate</strong></span> <span class='ocrx_word' id='word_1_280' title='bbox 1141 3777 1147 3808; x_wconf 78' lang='grc' dir='ltr'><strong><em>ι</em></strong></span> <span class='ocrx_word' id='word_1_281' title='bbox 1168 3769 1179 3810; x_wconf 84' lang='lat'>2</span> <span class='ocrx_word' id='word_1_282' title='bbox 1197 3757 1233 3810; x_wconf 87' lang='lat' dir='ltr'><strong>ab</strong></span> <span class='ocrx_word' id='word_1_283' title='bbox 1253 3757 1367 3826; x_wconf 60' lang='lat' dir='ltr'><strong>Jotdoco</strong></span> <span class='ocrx_word' id='word_1_284' title='bbox 1386 3757 1437 3810; x_wconf 82' lang='lat' dir='ltr'><strong>Ba·</strong></span> 
     </span>
     <span class='ocr_line' id='line_1_33' title="bbox 365 3842 1436 3915; baseline 0.003 -18"><span class='ocrx_word' id='word_1_285' title='bbox 365 3844 412 3898; x_wconf 91' lang='lat' dir='ltr'><strong>dio</strong></span> <span class='ocrx_word' id='word_1_286' title='bbox 426 3843 540 3897; x_wconf 77' lang='lat' dir='ltr'><strong>Ascesio</strong></span> <span class='ocrx_word' id='word_1_287' title='bbox 558 3859 660 3899; x_wconf 82' lang='lat' dir='ltr'><strong>vnacm</strong></span> <span class='ocrx_word' id='word_1_288' title='bbox 678 3842 910 3914; x_wconf 77' lang='lat' dir='ltr'><strong>explanulltidibus</strong></span> <span class='ocrx_word' id='word_1_289' title='bbox 930 3859 1037 3896; x_wconf 89' lang='lat' dir='ltr'><strong>rursum</strong></span> <span class='ocrx_word' id='word_1_290' title='bbox 1051 3845 1184 3898; x_wconf 86' lang='lat' dir='ltr'><strong>annotate</strong></span> <span class='ocrx_word' id='word_1_291' title='bbox 1198 3845 1259 3913; x_wconf 70' lang='lat' dir='ltr'><strong>usqi</strong></span> <span class='ocrx_word' id='word_1_292' title='bbox 1272 3845 1436 3915; x_wconf 50' lang='lat' dir='ltr'><strong>recolgnite:</strong></span> 
     </span>
     <span class='ocr_line' id='line_1_34' title="bbox 365 3930 1437 4002; baseline 0.003 -17"><span class='ocrx_word' id='word_1_293' title='bbox 365 3933 431 3999; x_wconf 77' lang='lat' dir='ltr'><strong>criqi</strong></span> <span class='ocrx_word' id='word_1_294' title='bbox 451 3930 545 3985; x_wconf 70' lang='lat' dir='ltr'><strong>eiusde</strong></span> <span class='ocrx_word' id='word_1_295' title='bbox 560 3931 667 3986; x_wconf 74' lang='lat' dir='ltr'><strong>Ascdsii</strong></span> <span class='ocrx_word' id='word_1_296' title='bbox 685 3931 913 4000; x_wconf 62' lang='lat' dir='ltr'><strong>prenojtamentis</strong></span> <span class='ocrx_word' id='word_1_297' title='bbox 931 3935 992 4000; x_wconf 74' lang='lat' dir='ltr'><strong>atqu</strong></span> <span class='ocrx_word' id='word_1_298' title='bbox 1011 3931 1200 3988; x_wconf 74' lang='lat' dir='ltr'><strong>annotamdtis</strong></span> <span class='ocrx_word' id='word_1_299' title='bbox 1213 3935 1223 4002; x_wconf 78' lang='lat' dir='ltr'><strong>l</strong></span> <span class='ocrx_word' id='word_1_300' title='bbox 1237 3933 1292 3988; x_wconf 89' lang='lat' dir='ltr'><strong>suis</strong></span> <span class='ocrx_word' id='word_1_301' title='bbox 1306 3933 1376 3988; x_wconf 92' lang='lat' dir='ltr'><strong>locis</strong></span> <span class='ocrx_word' id='word_1_302' title='bbox 1390 3933 1437 3988; x_wconf 81' lang='lat' dir='ltr'><strong>ad·</strong></span> 
     </span>
     <span class='ocr_line' id='line_1_35' title="bbox 364 4018 1436 4092; baseline 0.002 -18"><span class='ocrx_word' id='word_1_303' title='bbox 364 4018 462 4074; x_wconf 90' lang='lat' dir='ltr'><strong>hibitis</strong></span> <span class='ocrx_word' id='word_1_304' title='bbox 484 4019 502 4091; x_wconf 69' lang='lat' dir='ltr'><strong>sp</strong></span> <span class='ocrx_word' id='word_1_305' title='bbox 523 4019 739 4088; x_wconf 74' lang='lat' dir='ltr'><strong>adcuratissime</strong></span> <span class='ocrx_word' id='word_1_306' title='bbox 763 4037 792 4073; x_wconf 89' lang='lat' dir='ltr'><strong>se</strong></span> <span class='ocrx_word' id='word_1_307' title='bbox 814 4020 998 4090; x_wconf 75' lang='lat' dir='ltr'><strong>venun:l[dant</strong></span> <span class='ocrx_word' id='word_1_308' title='bbox 1020 4019 1171 4090; x_wconf 89' lang='lat' dir='ltr'><strong>impresse.</strong></span> <span class='ocrx_word' id='word_1_309' title='bbox 1190 4023 1255 4092; x_wconf 73' lang='lat' dir='ltr'><strong>liu</strong></span> <span class='ocrx_word' id='word_1_310' title='bbox 1272 4023 1326 4090; x_wconf 74' lang='lat' dir='ltr'><strong>fiue</strong></span> <span class='ocrx_word' id='word_1_311' title='bbox 1345 4023 1436 4092; x_wconf 90' lang='lat' dir='ltr'><strong>Publij</strong></span> 
     </span>
     <span class='ocr_line' id='line_1_36' title="bbox 365 4107 1438 4180; baseline 0.001 -17"><span class='ocrx_word' id='word_1_312' title='bbox 365 4107 489 4178; x_wconf 77' lang='lat' dir='ltr'><strong>&#39;l&#39;erenlu&#39;j</strong></span> <span class='ocrx_word' id='word_1_313' title='bbox 513 4123 534 4163; x_wconf 83' lang='lat' dir='ltr'><strong>c.</strong></span> <span class='ocrx_word' id='word_1_314' title='bbox 553 4125 577 4177; x_wconf 77' lang='lat' dir='ltr'><strong>q.</strong></span> <span class='ocrx_word' id='word_1_315' title='bbox 596 4123 616 4161; x_wconf 83' lang='lat' dir='ltr'><strong>a.</strong></span> <span class='ocrx_word' id='word_1_316' title='bbox 637 4113 797 4177; x_wconf 82' lang='lat' dir='ltr'><strong>utsupra.</strong></span> <span class='ocrx_word' id='word_1_317' title='bbox 818 4151 823 4162; x_wconf 92' lang='lat'>.</span> <span class='ocrx_word' id='word_1_318' title='bbox 844 4151 850 4163; x_wconf 95' lang='lat'><em>.</em></span> <span class='ocrx_word' id='word_1_319' title='bbox 870 4109 1112 4180; x_wconf 84' lang='lat' dir='ltr'><strong>explanationibus</strong></span> <span class='ocrx_word' id='word_1_320' title='bbox 1132 4111 1188 4165; x_wconf 90' lang='lat' dir='ltr'><strong>suis</strong></span> <span class='ocrx_word' id='word_1_321' title='bbox 1206 4110 1275 4166; x_wconf 88' lang='lat' dir='ltr'><strong>locis</strong></span> <span class='ocrx_word' id='word_1_322' title='bbox 1295 4110 1438 4179; x_wconf 68' lang='lat' dir='ltr'><strong>adhibitis</strong></span> 
     </span>
     <span class='ocr_line' id='line_1_37' title="bbox 366 4196 1437 4270; baseline 0.003 -18"><span class='ocrx_word' id='word_1_323' title='bbox 366 4215 474 4253; x_wconf 86' lang='lat' dir='ltr'><strong>rursum</strong></span> <span class='ocrx_word' id='word_1_324' title='bbox 493 4199 628 4252; x_wconf 85' lang='lat' dir='ltr'><strong>annotate</strong></span> <span class='ocrx_word' id='word_1_325' title='bbox 646 4197 708 4266; x_wconf 70' lang='lat' dir='ltr'><strong>atqu</strong></span> <span class='ocrx_word' id='word_1_326' title='bbox 726 4196 868 4266; x_wconf 73' lang='lat' dir='ltr'><strong>recognito</strong></span> <span class='ocrx_word' id='word_1_327' title='bbox 884 4210 892 4252; x_wconf 74' lang='grc' dir='ltr'><strong><em>ε</em></strong></span> <span class='ocrx_word' id='word_1_328' title='bbox 907 4198 1001 4253; x_wconf 84' lang='lat' dir='ltr'><strong>solerti</strong></span> <span class='ocrx_word' id='word_1_329' title='bbox 1020 4215 1087 4252; x_wconf 88' lang='lat' dir='ltr'><strong>cura</strong></span> <span class='ocrx_word' id='word_1_330' title='bbox 1105 4199 1242 4270; x_wconf 73' lang='lat' dir='ltr'><strong>oasdgute</strong></span> <span class='ocrx_word' id='word_1_331' title='bbox 1257 4221 1264 4253; x_wconf 76' lang='grc' dir='ltr'><strong><em>ε</em></strong></span> <span class='ocrx_word' id='word_1_332' title='bbox 1279 4199 1437 4270; x_wconf 78' lang='lat' dir='ltr'><strong>impensaqi</strong></span> 
     </span>
     <span class='ocr_line' id='line_1_38' title="bbox 365 4284 1437 4357; baseline 0 -15"><span class='ocrx_word' id='word_1_333' title='bbox 365 4287 402 4342; x_wconf 79' lang='lat' dir='ltr'><strong>nri</strong></span> <span class='ocrx_word' id='word_1_334' title='bbox 426 4286 482 4341; x_wconf 90' lang='lat' dir='ltr'><strong>leui</strong></span> <span class='ocrx_word' id='word_1_335' title='bbox 505 4305 555 4356; x_wconf 89' lang='lat' dir='ltr'><strong>per</strong></span> <span class='ocrx_word' id='word_1_336' title='bbox 573 4285 701 4357; x_wconf 89' lang='lat' dir='ltr'><strong>egregios</strong></span> <span class='ocrx_word' id='word_1_337' title='bbox 720 4284 793 4340; x_wconf 87' lang='lat' dir='ltr'><strong>viros</strong></span> <span class='ocrx_word' id='word_1_338' title='bbox 813 4284 969 4354; x_wconf 58' lang='lat' dir='ltr'><strong>Glauldium</strong></span> <span class='ocrx_word' id='word_1_339' title='bbox 988 4287 1073 4356; x_wconf 84' lang='lat' dir='ltr'><strong>Many</strong></span> <span class='ocrx_word' id='word_1_340' title='bbox 1091 4303 1102 4343; x_wconf 82' lang='lat' dir='ltr'><strong>i</strong></span> <span class='ocrx_word' id='word_1_341' title='bbox 1122 4287 1266 4356; x_wconf 77' lang='lat' dir='ltr'><strong>Stephani</strong></span> <span class='ocrx_word' id='word_1_342' title='bbox 1286 4287 1375 4342; x_wconf 86' lang='lat' dir='ltr'><strong>leau</strong></span> <span class='ocrx_word' id='word_1_343' title='bbox 1394 4305 1437 4342; x_wconf 86' lang='lat' dir='ltr'><strong>ca-</strong></span> 
     </span>
     <span class='ocr_line' id='line_1_39' title="bbox 366 4373 1439 4444; baseline 0 -14"><span class='ocrx_word' id='word_1_344' title='bbox 366 4373 520 4430; x_wconf 84' lang='lat' dir='ltr'><strong>racteribus</strong></span> <span class='ocrx_word' id='word_1_345' title='bbox 538 4375 676 4429; x_wconf 87' lang='lat' dir='ltr'><strong>mandate.</strong></span> <span class='ocrx_word' id='word_1_346' title='bbox 706 4375 786 4428; x_wconf 80' lang='lat' dir='ltr'><strong>Anno</strong></span> <span class='ocrx_word' id='word_1_347' title='bbox 805 4374 841 4429; x_wconf 92' lang='lat' dir='ltr'><strong>ab</strong></span> <span class='ocrx_word' id='word_1_348' title='bbox 859 4374 1050 4430; x_wconf 84' lang='lat' dir='ltr'><strong>incarnatione</strong></span> <span class='ocrx_word' id='word_1_349' title='bbox 1069 4375 1175 4430; x_wconf 88' lang='lat' dir='ltr'><strong>domini</strong></span> <span class='ocrx_word' id='word_1_350' title='bbox 1189 4374 1355 4430; x_wconf 72' lang='lat' dir='ltr'><strong>Monesen.</strong></span> <span class='ocrx_word' id='word_1_351' title='bbox 1370 4377 1380 4444; x_wconf 76' lang='lat' dir='ltr'><strong>l</strong></span> <span class='ocrx_word' id='word_1_352' title='bbox 1394 4374 1439 4431; x_wconf 88' lang='lat' dir='ltr'><strong>dia</strong></span> 
     </span>
     <span class='ocr_line' id='line_1_40' title="bbox 368 4461 1402 4520; baseline 0.003 -4"><span class='ocrx_word' id='word_1_353' title='bbox 368 4479 434 4516; x_wconf 89' lang='lat' dir='ltr'><strong>rero</strong></span> <span class='ocrx_word' id='word_1_354' title='bbox 453 4462 665 4519; x_wconf 66' lang='lat' dir='ltr'><strong>decime-octaua</strong></span> <span class='ocrx_word' id='word_1_355' title='bbox 683 4462 837 4518; x_wconf 85' lang='lat' dir='ltr'><strong>decembris</strong></span> <span class='ocrx_word' id='word_1_356' title='bbox 856 4463 971 4520; x_wconf 77' lang='lat' dir='ltr'><strong>liniunt</strong></span> <span class='ocrx_word' id='word_1_357' title='bbox 989 4461 1117 4520; x_wconf 81' lang='lat' dir='ltr'><strong>feliciter.</strong></span> <span class='ocrx_word' id='word_1_358' title='bbox 1377 4468 1402 4519; x_wconf 74' lang='grc'><strong>4.</strong></span> 
     </span>
    </p>
   </div>
   <div class='ocr_carea' id='block_1_8' title="bbox 0 0 1668 5104">
    <p class='ocr_par' dir='ltr' id='par_1_15' title="bbox 0 0 1668 5104">
     <span class='ocr_line' id='line_1_41' title="bbox 0 0 1668 5104; baseline 0 0"><span class='ocrx_word' id='word_1_359' title='bbox 0 0 1668 5104; x_wconf 95' lang='lat' dir='ltr'><strong> </strong></span> 
     </span>
    </p>
   </div>
  </div>
 </body>
</html>
