3294 5104
497 424 738 484 uvnnsmouus
763 423 1097 497 onounronouronn.
1303 408 1367 472 329

270 569 356 654 apud
379 568 562 653 Turpilium
593 592 621 632 r.
649 569 725 653 1883
750 606 791 613 —
816 565 955 632 ‘audax'
983 565 1067 651 apud
1091 565 1267 632 Caecilium
1291 567 1369 654 (non

270 675 467 760 ‘Lucilium')
490 675 629 741 testibus
652 675 790 740 Horatio
814 675 907 759 epist.
932 673 973 738 ad
994 673 1128 738 Pisones
1153 697 1180 738 v.
1200 675 1263 739 238
1288 676 1370 739 eius-

270 805 332 867 que
356 782 590 866 interpretibus
614 782 648 846 in
671 781 843 848 Ribbeckii
867 779 958 846 Com.
982 803 1013 865 p.
1036 781 1088 846 69.
1135 779 1196 861 [Cf.
1220 780 1370 846 Meinekii

269 891 330 973 frg.
359 911 439 954 com.
463 911 509 975 gr.
532 888 580 954 IV
604 912 634 973 p.
658 888 720 954 511
752 891 784 951 et
807 886 939 952 Anthol.
963 886 1066 950 Palat.
1089 885 1105 951 I
1129 910 1159 970 p.
1185 888 1257 952 128.
1285 889 1369 969 lla]

224 995 441 1063 Hoeohrroc
464 997 701 1082 Pythodious
726 993 970 1082 (Pvaomcvsp
995 1016 1105 1060 servus
1129 995 1326 1060 Aululariae.

226 1103 387 1183 [Πυρρία
409 1103 586 1188 Pyrrhia:
610 1102 705 1168 nihili
728 1122 846 1168 nomen
870 1101 1006 1166 ancillae
1030 1101 1116 1184 apud
1135 1101 1291 1166 Titinium
1310 1102 1371 1166 inc.

269 1209 333 1274 fab.
357 1208 444 1294 XXI,
467 1210 507 1274 de
530 1231 593 1292 quo
617 1207 689 1272 vide
713 1206 958 1272 Lachmannum
982 1206 1023 1271 ad
1046 1205 1173 1272 Lucret.
1196 1231 1226 1291 p.
1250 1207 1337 1288 408]

225 1317 394 1396 Πυρρία(
422 1315 589 1401 Byrrhia
616 1314 756 1380 Burria
784 1311 941 1401 (anrn):
972 1336 1082 1380 seruus
1112 1314 1262 1380 Andriae.
1309 1313 1372 1396 [of.

270 1423 404 1488 Asconii
428 1443 550 1507 argum.
574 1420 773 1486 Milonianae
797 1411 826 1505 p.
851 1423 893 1487 28
917 1421 1035 1486 Kiossl.
1059 1425 1091 1486 et
1115 1420 1201 1501 Soh]

227 1530 412 1610 (αγάριοε
441 1527 639 1613 Sagarius:
672 1549 784 1592 servus
811 1527 922 1593 Stichi.
968 1525 1016 1593 of.
1040 1526 1200 1612 Bergkius
1224 1529 1259 1593 in
1281 1525 1371 1592 Dior.

272 1637 372 1721 antiq.
397 1634 479 1700 stud.
503 1655 530 1699 a.
557 1633 642 1699 1850
665 1657 695 1718 p.
719 1635 794 1698 337.

227 1742 465 1828 Sagaristio:
492 1762 602 1805 servus
626 1739 752 1804 Persae.

227 1849 405 1936 Sagario:
430 1846 611 1912 Trinummi
634 1847 681 1911 IV
705 1847 735 1930 4,
762 1847 801 1911 13
822 1844 946 1930 (1105).

227 1957 369 2040 Sanga:
394 1977 506 2020 servus
529 1953 688 2019 Eunuchi.

227 2061 386 2128 Sannio:
408 2061 483 2126 leno
507 2060 678 2144 Adelphon
703 2057 867 2144 (Eunuchi
891 2059 979 2147 780).

227 2169 435 2252 (ατυρίων,
459 2165 629 2233 Saturio:
652 2167 815 2252 parasitus
839 2167 965 2234 Persae.
1002 2167 1374 2252 of.1³crerg0np.1as.

274 2276 351 2357 143;
375 2273 601 2339 Fleckeisenus
628 2273 662 2338 in
685 2273 802 2340 Annal.
826 2275 938 2359 philol.
962 2279 984 2338 t.
1009 2273 1051 2340 (1Ι
1074 2272 1191 2358 (1870)
1215 2297 1244 2357 p.
1269 2273 1342 2338 847.

228 2381 384 2448 Saurea:
407 2381 442 2444 in
465 2379 619 2446 Asinaria
642 2401 746 2464 saepe.

228 2487 436 2554 Selenium:
465 2487 618 2552 meretrix
642 2485 860 2571 Cistellariae‚
888 2509 952 2552 non
981 2489 1018 2552 ut
1045 2487 1079 2551 in
1107 2487 1302 2551 editionibus
1326 2490 1377 2552 est

271 2594 432 2660 Sileaium.

229 2701 402 2767 Simalio:
425 2699 575 2765 Eunuchi
601 2701 673 2765 772.
698 2701 770 2766 775.

206 2806 361 2891 Simia,
390 2806 561 2872 Simmia:
585 2806 787 2891 sucophanta
811 2807 970 2872 Pseuduli.
1008 2806 1375 2873 waladamarcam

274 2913 482 2998 ‘Wlirzhurg
506 2912 712 2979 Festschrift’
735 2935 766 2997 p.
790 2913 841 2979 56.

231 3019 370 3087 Simus:
394 3019 748 3086 Heautontimorumeno
771 3021 845 3086 498.

230 3125 414 3194 Simulus:
438 3127 612 3211 Adelphon
634 3127 709 3192 352.
732 3127 806 3193 465.

230 3232 346 3299 Simo:
370 3255 467 3299 senex
485 3231 713 3316 Mostellariae,
732 3232 895 3317 Pseuduli,
915 3233 1072 3316 Andriae:
1096 3233 1174 3298 item
1194 3235 1278 3318 apud
1297 3233 1376 3300 an-

273 3340 384 3404 cilium
408 3339 469 3403 ino.
493 3337 593 3402 fabul.
617 3335 775 3403 XXXVII
800 3341 833 3403 et
855 3338 1010 3421 palliatae
1034 3339 1095 3403 inc.
1119 3340 1179 3406 inc.
1204 3343 1233 3406 2.

232 3446 394 3530 Scapha:
418 3443 537 3510 ancilla
559 3443 788 3520 Mostellariae.

230 3551 449 3618 Sceledrus:
473 3572 584 3616 servus
603 3549 719 3614 Militis
744 3551 888 3634 gloriosi.
926 3549 973 3616 of.
999 3551 1168 3617 Asinariae
1192 3555 1265 3619 882.
1303 3553 1374 3619 Fal·

275 3660 353 3724 litur
376 3658 551 3724 Lorenzius
575 3681 604 3743 p.
628 3658 658 3722 6.

231 3765 460 3850 Sceparnio:
483 3787 594 3830 servus
617 3762 785 3829 Rudentis.

231 3870 400 3936 Scirtus:
423 3871 569 3955 Hecyrae
594 3871 645 3937 78.
669 3869 818 3935 Donatus
842 3870 882 3935 ad
905 3871 930 3956 Ι,
953 3873 983 3956 2,
1006 3872 1035 3937 3.

231 3975 542 4061 Sophoclidisca:
567 3978 684 4042 ancilla
706 3977 837 4044 Persae:
860 4001 938 4043 num
961 3979 1229 4060 (oporterhtcru‘l

231 4084 392 4171 Sparax:
420 4086 580 4152 Rudentis
603 4085 652 4149 ΙΙΙ
676 4085 705 4168 2,
728 4086 780 4150 43,
805 4085 834 4170 5,
858 4087 914 4151 27:
938 4085 1028 4151 deest
1051 4087 1136 4171 apud
1159 4087 1376 4152 Beuselerum.

231 4192 467 4280 Stalagmus:
500 4215 610 4259 servus
639 4193 862 4278 Captivorum3
893 4195 971 4258 item
998 4193 1110 4258 fabula
1137 4192 1254 4258 Naevii
1282 4192 1375 4276 (olim

275 4301 314 4366 tle
336 4301 508 4366 Ribbeckii
532 4300 716 4367 coniectura
734 4300 980 4384 Stolapmonisso
1002 4297 1182 4384 inscripta).
1228 4297 1276 4364 Of.
1300 4299 1376 4364 Par-

274 4428 374 4492 ergon
398 4431 429 4493 p.
456 4409 519 4473 142
541 4413 608 4473 not.
655 4406 702 4473 of.
725 4409 933 4492 slohrpmium.

231 4511 416 4596 [Stalinm
436 4535 533 4580 senex
545 4513 695 4582 Casinas:
709 4513 782 4579 vide
798 4537 895 4600 supra
906 4514 946 4580 ad
956 4513 1183 4599 Lysidamus
1198 4513 1376 4598 adnotata]
