3184 5108
549 397 621 444 nna
644 397 802 444 nicrsrsa
825 395 970 446 anesus.
1265 375 1330 442 733

277 541 475 609 offenderim.
520 541 555 605 in
582 541 686 606 reditu
710 545 760 606 est
783 539 864 606 mihi
886 539 1049 624 possessio
1072 538 1265 602 litterarum.
1289 573 1331 584 -

185 653 228 717 90
274 649 301 714 0
324 671 393 714 rem
416 647 688 732 indignissimam!
718 651 751 712 et
773 669 872 733 quam
895 668 998 732 aequo
1021 645 1086 710 fers
1109 643 1190 709 illud
1214 643 1332 727 animo,

276 757 387 820 sedere
419 755 465 828 in,
487 753 607 819 scholis
639 757 672 818 et
703 755 811 836 pueris
843 753 1051 838 praecipere?
1083 788 1121 798 —
1151 750 1202 816 Ad
1235 771 1332 834 quam

272 863 361 926 illius
393 861 682 946 interrogationem
714 861 749 924 in
780 860 866 925 hunc
899 859 1030 924 modum
1062 857 1222 943 respondi.
1266 877 1332 921 non

274 970 373 1034 miror
412 969 470 1048 [te]
509 966 578 1031 eius
614 987 699 1031 nuno
731 987 801 1030 esse
831 965 1066 1050 persuasionis,
1103 987 1167 1050 qua
1199 967 1232 1028 et
1262 965 1332 1048 ipse

275 1098 403 1162 quoquc
427 1073 601 1158 aliquando
626 1073 680 1138 diu
703 1073 860 1138 laboravi.
896 1075 1002 1138 totum
1026 1074 1122 1156 enim,
1144 1069 1229 1156 quod
1253 1069 1331 1151 [hic]

7 1195 9 1202 “
134 1230 140 1242 ·
184 1187 229 1251 95
274 1185 413 1269 egimus,
450 1181 705 1266 quinquennium
735 1182 783 1246 ita
811 1180 892 1245 mihi
920 1185 1107 1265 pertaesum
1137 1182 1208 1243 erat
1236 1175 1332 1241 huius

273 1290 495 1376 professionis,
517 1293 735 1374 utnusquam
759 1289 866 1352 vivere
889 1291 1039 1372 putarem
1055 1286 1221 1353 hominem
1240 1283 1333 1348 mise-

274 1397 401 1461 riorem.
448 1395 504 1460 sed
532 1394 673 1460 subinde·
695 1393 888 1460 retractanti
916 1397 1099 1478 sortemque
1126 1413 1233 1457 meam
1260 1412 1333 1456 oum

275 1503 414 1569 fortunis
453 1507 487 1566 et
522 1502 638 1566 ceteris
677 1502 764 1566 vitae
795 1501 961 1565 laboribus
994 1499 1172 1566 conferenti
1203 1498 1334 1563 tandem

277 1609 452 1693 aliquando
481 1608 664 1692 pulcritudo
694 1608 836 1692 suscepti
860 1607 967 1691 operis
991 1607 1150 1691 apparuit.
1196 1605 1278 1671 scire
1300 1609 1334 1669 te

190 1718 253 1784 100
277 1736 353 1800 ergo
377 1736 462 1778 nunc
486 1717 623 1798 oportet,
645 1714 773 1779 nullum
791 1715 895 1778 maius
918 1713 1095 1798 praedium,
1117 1713 1243 1778 nullam
1261 1734 1333 1797 pro·

276 1822 489 1906 curationem,
520 1821 645 1886 nullum
678 1820 835 1885 honorem
867 1821 1009 1900 decerni,
1042 1825 1181 1906 quantus
1211 1819 1264 1884 hic
1292 1819 1335 1883 sit

276 1933 407 1994 nostrae
430 1927 651 2012 professionis.
683 1948 800 2011 nempe
825 1927 853 1992 si
877 1926 958 1992 mihi
977 1927 1138 1993 maximus
1156 1927 1335 2010 imperator

276 2036 365 2102 mille
403 2034 452 2099 vel
489 2037 617 2098 centnm
654 2033 800 2099 homines
836 2034 997 2119 regendos
1029 2033 1232 2117 tradidisset,
1268 2055 1334 2098 non

276 2141 445 2208 mediocris
478 2139 582 2205 honos
609 2139 741 2205 habitus
769 2139 850 2204 mihi
878 2140 1053 2225 rideretur3
1086 2141 1163 2206 cedo
1193 2141 1222 2204 si
1244 2162 1334 2224 prae

191 2251 253 2314 105
276 2249 450 2329 lecturam,
477 2246 506 2310 si
529 2246 746 2311 tribunatum:
774 2268 891 2330 nempe
914 2247 999 2311 idem
1021 2247 1140 2332 honos,
1162 2247 1226 2312 nisi
1250 2247 1334 2330 qnod

278 2376 400 2419 merces
429 2352 575 2436 amplior.
622 2353 649 2416 si
678 2373 756 2438 ergo
784 2374 850 2417 non
874 2349 1007 2436 ansar,
1035 2353 1091 2418 sed
1119 2353 1251 2418 fortuna
1272 2353 1334 2419 hoc

277 2483 378 2547 genus
403 2460 553 2524 stationis
577 2459 726 2544 iniunxit,
749 2460 796 2524 uti
820 2460 929 2544 pueris
952 2460 1103 2546 ingenuis
1122 2463 1218 2545 atque
1237 2459 1335 2528 hone-

278 2568 337 2632 stis
374 2566 605 2650 praesiderem:
641 2589 748 2632 nonne
785 2567 848 2631 tibi
886 2567 1024 2650 [videor]
1058 2569 1205 2652 pulcrum
1238 2571 1335 2652 atque

281 2675 489 2760 magnificum
522 2677 713 2738 consecutus
737 2673 902 2738 officium?
948 2696 1068 2759 quaeso
1092 2675 1179 2740 enim
1201 2675 1334 2759 propius

192 2782 255 2847 110
278 2783 417 2865 intuere,
446 2784 554 2844 utrum
582 2781 779 2865 praeclarius
809 2780 852 2846 sit
875 2781 1034 2865 sagulatis
1058 2805 1101 2847 an
1123 2781 1334 2866 praetextatis

279 2887 462 2973 imperare?
486 2887 635 2952 barbaris
659 2888 863 2972 efferatisque
882 2889 1067 2972 pectoribus
1087 2911 1129 2953 an
1147 2887 1282 2952 mitibus
1302 2891 1335 2953 et

278 2995 441 3061 innoxiis?
465 2995 549 3059 bone
564 2994 697 3080 Iupiter,
715 3016 812 3079 qnam
827 2995 1081 3080 imperatorium,
1100 3017 1196 3080 quam
1211 2995 1334 3080 regium

279 3109 329 3170 est
360 3103 470 3169 sedere
503 3127 523 3168 a
555 3107 712 3189 suggestu
745 3103 998 3187 praecipientem
1029 3102 1134 3169 bonos
1167 3125 1274 3168 mores
1304 3108 1336 3168 et

280 3231 444 3276 sacrarum
472 3208 581 3275 studia
604 3209 802 3294 litterarum,
829 3210 896 3274 iam
919 3209 1064 3274 carmina
1086 3210 1337 3296 praelegentem,

193 3317 255 3382 115
279 3317 395 3402 quibus
423 3339 480 3381 ora
507 3321 695 3402 mentesque
722 3316 917 3399 formantur,
950 3315 1016 3380 iam
1046 3317 1215 3382 sententiis
1237 3318 1337 3382 variis

279 3445 391 3488 sensus
416 3423 618 3503 excitantem,
642 3423 707 3488 iam
730 3423 886 3508 exemplis
909 3445 945 3488 ro
962 3473 1083 3490 ......
1422 3403 1425 3410 ,

279 3529 341 3593 Die
370 3528 636 3614 geringftlgigern
659 3529 924 3615 Abweiohungen
947 3529 1004 3594 der
1026 3529 1240 3595 Hsndschrift
1263 3531 1336 3595 sind

192 3635 224 3700 Z.
248 3637 269 3700 2
291 3636 392 3716 captu
413 3632 479 3698 und
501 3636 674 3718 arrwaitute,
697 3636 718 3700 5
741 3635 857 3716 affrice,
881 3637 901 3701 6
922 3635 1025 3718 literis,
1048 3637 1134 3702 8—9
1154 3643 1337 3721 emarcuerat,

193 3743 232 3806 11
262 3743 446 3825 ᾱοηιίσίαπο,
480 3741 519 3804 13
548 3741 671 3821 affrica,
708 3744 749 3807 14
771 3743 882 3824 cesare,
917 3744 958 3808 15
980 3743 1103 3822 affrice,
1131 3743 1174 3809 46
1197 3744 1338 3827 odarius,
1351 3765 1390 3806 sor

192 3850 234 3913 47
259 3851 419 3931 epitafium,
450 3849 493 3912 55
512 3848 668 3932 pireneos,
691 3849 731 3915 81
758 3851 881 3934 liram,
904 3850 947 3915 83
971 3849 1054 3934 litas,
1078 3850 1119 3914 87
1144 3849 1271 3935 affrico,
1294 3851 1335 3915 91

190 3954 284 4038 scolis,
311 3957 370 4019 111
396 3956 548 4036 inperare,
573 3954 636 4019 112
659 3956 891 4037 insperatorium.
928 3954 1003 4020 Von
1026 3955 1175 4020 sttrkern
1199 3955 1338 4023 Fehlern

191 4061 235 4124 ist
254 4059 310 4126 der
324 4061 454 4126 Ausfall
474 4061 635 4126 einzelner
648 4061 781 4127 Wiirtsr
800 4062 858 4128 das
872 4061 1053 4148 Htufigste,
1072 4061 1133 4127 wie
1152 4061 1237 4128 donn
1255 4064 1336 4130 alles

191 4165 492 4252 Eingeklammerte
515 4169 607 4234 nicht
629 4169 664 4232 in
682 4169 738 4234 der
755 4168 971 4234 Handscbrift
990 4169 1087 4251 steht,
1110 4168 1249 4234 sondern
1267 4193 1336 4236 ver-

192 4274 305 4340 snchte
328 4273 529 4360 Ansfdllung
551 4274 835 4340 muthmasslioher
857 4274 987 4340 Ldoken
1010 4275 1067 4340 ist:
1096 4273 1197 4339 daber
1219 4278 1336 4362 gerade

191 4382 227 4447 in
259 4382 363 4446 dieser
389 4381 577 4466 Beaiehnng
609 4381 664 4446 der
686 4381 851 4448 Verdacht
882 4381 970 4448 wohl
1001 4382 1085 4448 auch
1112 4382 1198 4448 noch
1225 4386 1337 4452 weiter

194 4490 299 4578 gehen
322 4488 402 4554 darf.
424 4524 461 4536 —
482 4487 518 4553 P.
540 4487 684 4572 ANNII]
708 4489 864 4556 PANNII
887 4491 939 4556 die
961 4489 1184 4558 Handschrift.
1203 4529 1244 4540 -
1264 4491 1297 4561 Ζ.
1318 4497 1333 4564 1
