3302 5106
298 318 364 384 374
720 333 768 380 nn
792 332 1025 380 uvernerus

294 499 370 562 gum
391 478 509 556 notem,
539 481 575 542 at
600 497 622 540 a
648 476 736 540 verto
763 477 817 541 ede
840 476 875 540 irs
896 475 1080 558 eusteniam
1102 477 1168 541 suis
1190 477 1310 544 casibus
1332 479 1445 544 disere-

292 589 393 668 paret.
415 585 489 650 ulir's
507 604 576 648 vero
594 583 696 648 visum
718 602 780 647 esse
802 583 857 666 att,
879 587 914 646 eet
936 584 1138 664 aspirationes
1159 589 1235 649 eota
1256 585 1337 652 tunc
1359 586 1445 668 diffe

297 694 431 758 restium
451 691 574 772 faceret,
596 695 625 754 et
646 691 781 756 meelate
796 694 961 772 propterea
983 691 1058 774 qesta
1076 689 1197 769 Sabini,
1219 713 1241 756 a
1258 693 1371 775 quibus
1384 693 1446 760 Ra

299 800 387 866 meni
408 799 463 864 hoe
484 818 596 863 nomen
618 796 756 880 habaet,
778 797 867 877 fedus
884 797 1026 862 dicebant
1042 801 1214 880 certumque
1231 804 1276 864 eet
1288 800 1447 866 Rmnanos

259 932 285 972 ss
297 909 320 988 s
335 907 524 974 Sutrinorum
552 907 586 970 ta
612 905 634 968 t
660 905 764 970 solitos
790 908 966 970 convertere.
1011 903 1123 970 Sabim·
1151 907 1233 970 enim
1255 909 1359 989 streete,
1386 907 1447 974 Ro-

299 1015 388 1080 mam?
414 1014 531 1092 timu,
561 1013 612 1078 illi
640 1011 750 1094 velere,
780 1011 918 1076 Renes
945 1010 1048 1076 vetere
1071 1013 1274 1094 protulerunt.
1321 1013 1446 1091 Quibus

300 1121 381 1187 sdde
405 1121 446 1186 ab
470 1118 582 1186 eodem
597 1119 735 1203 Apuleio
760 1120 798 1184 ds
821 1123 901 1184 note
923 1119 1021 1202 aspir.
1045 1143 1075 1203 p.
1090 1119 1134 1184 94
1158 1117 1258 1205 (etp.
1275 1119 1353 1207 104)
1376 1121 1446 1187 bre-

301 1229 371 1294 vius
396 1228 592 1314 significate:
624 1227 757 1319 Marcus
781 1226 941 1292 Terentius
963 1227 1069 1292 scribit
1089 1226 1200 1292 hedam
1224 1229 1332 1311 lingere
1352 1227 1444 1294 Sati-

300 1357 412 1400 nerum
432 1335 538 1416 fedum
560 1339 700 1400 vocatum
718 1333 933 1416 Romanosque
956 1338 1096 1416 corrupte
1116 1333 1211 1400 lredus
1226 1357 1288 1417 pro
1310 1357 1344 1401 eo
1367 1337 1448 1419 qaod

300 1449 344 1509 est
363 1444 454 1525 fedas
474 1443 625 1525 measse,
646 1443 725 1506 sieut
746 1441 850 1506 herous
866 1462 926 1523 pro
948 1441 1043 1523 firmes
1065 1446 1094 1506 et
1111 1441 1230 1507 trahere
1246 1463 1307 1524 pro
1326 1444 1447 1525 trafere.

302 1550 390 1626 Quae
413 1549 541 1614 fallitur
563 1548 738 1613 Muellerus
771 1569 843 1612 eum
876 1570 893 1610 e
916 1547 1001 1612 libro
1024 1547 1054 1612 V
1084 1547 1122 1611 de
1152 1547 1172 1614 l.
1196 1549 1253 1615 let.
1281 1553 1301 1630 ξ
1325 1551 1366 1615 97
1395 1549 1447 1614 hie

302 1656 409 1721 uerbis
433 1655 514 1720 setis
537 1655 682 1740 profesto
706 1655 842 1720 diversis
866 1654 985 1720 hausta
1003 1659 1111 1738 putet:
1136 1656 1226 1734 trau,
1244 1656 1448 1738 qrwdSaln'ee'

300 1765 411 1846 tressa
434 1765 516 1845 qaod
536 1763 602 1828 tllte
622 1762 720 1843 sedus,
742 1764 778 1826 ta
795 1762 888 1827 Latio
911 1782 985 1826 rure
1006 1763 1099 1834 edas}
1118 1762 1173 1843 qut
1195 1762 1230 1826 iu
1252 1762 1333 1839 arbe,
1356 1767 1392 1826 at
1413 1765 1448 1829 tn

302 1871 408 1934 multis
430 1891 452 1932 a
474 1871 587 1946 addite,
610 1869 713 1934 aedas.
760 1867 943 1933 Mirabilius
968 1868 1067 1932 etism
1090 1866 1266 1933 Muellerus
1289 1868 1448 1936 Varronis

303 1975 379 2040 exili
402 1975 464 2038 hee
487 1975 656 2038 notatione
684 1974 806 2054 §1062
839 1973 986 2038 hordeum
1013 1974 1052 2037 ab
1078 1973 1218 2058 torrido,
1239 1975 1450 2061 neglegenter

303 2103 398 2146 usum
421 2101 490 2144 esse
515 2079 689 2163 Apuleium
716 2101 746 2163 p.
773 2081 833 2145 107
863 2080 954 2146 dicit:
990 2082 1123 2147 Marcus
1155 2086 1257 2148 tamen
1285 2083 1384 2150 Varro
1415 2085 1450 2148 irs
1490 2156 1505 2170 ι

304 2189 381 2255 libro
408 2173 453 2251 de¹
471 2187 589 2271 origine
616 2187 732 2251 latinae
760 2186 884 2269 linquae
911 2188 950 2252 ab
977 2186 1087 2252 hordeo
1114 2187 1258 2254 horreum
1279 2191 1450 2256 dedentem

303 2295 432 2376 aspirat,
455 2293 601 2360 hordeum
622 2315 691 2358 uero
712 2293 751 2357 ab
769 2293 894 2358 horrere
912 2298 1044 2358 tractum
1061 2295 1185 2359 dieitur.
1215 2294 1286 2370 Quo
1301 2297 1449 2381 exemplo

303 2401 386 2466 nihil
414 2399 479 2464 nisi
506 2399 568 2464 hoe
596 2397 812 2482 intellegitur,
837 2397 923 2482 quod
947 2398 1046 2464 etiam
1070 2399 1198 2465 aliunde
1222 2405 1364 2486 constet,
1396 2405 1447 2468 vel

305 2507 455 2572 similiter
477 2507 513 2570 in
536 2505 672 2570 diversis
697 2505 946 2589 commentariis,
969 2505 1020 2570 vel
1044 2505 1124 2572 adeo
1148 2507 1182 2571 in
1207 2505 1280 2572 eliis
1299 2508 1394 2574 aliter
1412 2509 1450 2574 de

306 2614 418 2679 eodem
442 2613 601 2678 vocabulo
625 2611 806 2676 Varronem
830 2612 1025 2698 statuisse.*)
1058 2611 1158 2678 Velut
1180 2615 1220 2679 de
1243 2615 1264 2680 l.
1287 2615 1309 2679 l.
1330 2615 1371 2699 V,
1388 2617 1450 2682 160

306 2743 379 2786 enm
401 2721 506 2786 aedem
529 2719 626 2784 ducat
647 2719 686 2783 ab
708 2719 809 2796 adita,
829 2719 1020 2801 quodpiam
1034 2721 1110 2802 pede
1128 2721 1264 2805 adibant,
1286 2723 1384 2808 longe
1407 2723 1452 2788 di·

306 2849 434 2892 versum
467 2826 620 2911 quiddam
652 2829 794 2891 testatur
821 2825 979 2909 Apuleius
1011 2848 1041 2910 p.
1068 2827 1144 2892 127:
1176 2829 1275 2912 aedes,
1306 2829 1388 2910 quod
1412 2829 1451 2894 ab

305 2936 417 3000 edeam
448 2934 613 3000 secundam
646 2931 816 2997 Varronem
847 2933 1020 2998 derivatum
1051 2939 1104 2998 est.
1150 2933 1222 2999 Hoe
1253 2933 1356 3018 igitur
1386 2958 1451 3001 non

306 3041 491 3105 dubitemus
519 3037 560 3102 ad
584 3037 685 3103 libros
709 3037 748 3102 de
771 3037 899 3122 origine
921 3038 942 3101 l.
965 3037 986 3102 l.
1009 3038 1140 3104 referre:
1174 3062 1356 3125 quanquam
1381 3043 1450 3126 plu·

306 3147 408 3211 rimae
438 3166 515 3209 sene
533 3142 671 3228 -Apnleii
699 3144 931 3228 originationes
956 3143 1115 3210 Varronis
1141 3147 1266 3213 nomini
1291 3149 1451 3233 ascriptae

307 3249 352 3338 (p.
379 3251 450 3315 129.
476 3251 548 3316 135.
575 3251 646 3316 139.
672 3251 744 3314 141.
770 3250 842 3314 142.
868 3249 945 3334 143)
978 3272 995 3314 e
1026 3251 1148 3316 nostris
1180 3253 1219 3316 de
1252 3252 1271 3318 l.
1304 3253 1324 3316 l.
1357 3254 1451 3320 libris

307 3357 483 3422 fluxerunt:
519 3377 585 3420 non
609 3375 733 3437 omnes,
760 3357 798 3418 ut
820 3377 851 3437 p.
877 3355 941 3420 145
964 3356 1146 3440 preposite,
1174 3379 1234 3424 nee
1256 3361 1453 3443 generaliter

307 3465 516 3547 praeseptum
540 3485 570 3545 p.
597 3461 667 3526 132.
692 3497 735 3508 -—
760 3459 982 3554 Quodnutem
1008 3483 1066 3546 pro
1090 3463 1198 3530 libris
1222 3465 1260 3529 de
1285 3466 1365 3552 orig.
1388 3467 1408 3532 l.
1431 3468 1452 3531 l.

307 3591 372 3634 uno
395 3567 528 3652 Apuleii
552 3569 623 3634 loeo
647 3591 671 3632 s.
691 3591 716 3632 s.
740 3565 785 3654 (p.
812 3567 888 3655 107)
911 3569 1004 3634 liber
1025 3569 1135 3653 prodit
1158 3570 1380 3656 singulariter,
1413 3596 1451 3638 eo

308 3675 376 3742 noli
399 3676 448 3740 its
471 3675 571 3759 abuti,
595 3677 631 3739 ut
653 3697 781 3740 rursum
805 3675 846 3740 ed
869 3676 1011 3758 primum
1034 3675 1073 3739 de
1092 3675 1112 3740 l.
1127 3675 1148 3738 l.
1166 3677 1286 3742 librum
1304 3679 1451 3744 relabere

308 3782 527 3848 coniectando.
559 3781 646 3847 Nem
669 3781 772 3847 libros
796 3781 905 3865 luisse,
928 3803 993 3846 nun
1016 3779 1145 3864 librum,
1168 3782 1284 3866 quibus
1308 3783 1347 3848 de
1366 3785 1452 3851 litte·

308 3911 417 3953 rarum
445 3889 626 3954 rationibus
651 3887 755 3952 Varro
784 3888 946 3973 exposuit,
979 3887 1061 3952 elius
1090 3909 1217 3974 quoque
1247 3893 1452 3974 grammatici

308 3993 506 4061 testimoniis
530 3993 688 4078 arguitur,
710 3993 857 4077 Pompeii
880 3993 914 4057 in
937 3996 1118 4058 commento
1142 3995 1222 4061 entis
1237 3994 1359 4064 Donati
1376 3999 1451 4082 p.9:

310 4161 350 4168 η·-
364 4161 436 4167 .-.--
471 4160 521 4166 ..—

388 4259 414 4330 *)
434 4259 494 4315 Hoc
512 4257 632 4314 Varroni
651 4276 796 4314 commune
816 4263 859 4314 est
877 4275 940 4314 enm
959 4259 1023 4316 eliis
1042 4259 1233 4330 grammaticis
1252 4264 1452 4332 πολυγράφοιε,

308 4353 341 4405 ut
359 4349 507 4419 Apollonio
526 4348 748 4417 Herodianoque,
768 4348 802 4402 de
821 4347 922 4416 quibu·
940 4347 1137 4420 intellegenter
1154 4352 1187 4404 ut
1204 4349 1309 4405 essolet
1322 4351 1453 4406 Lehreius

220 4513 223 4520 .
308 4438 403 4493 noster
420 4434 448 4489 in
466 4437 535 4490 Mus.
555 4437 653 4507 philol.
673 4437 699 4491 ll
717 4453 745 4505 p.
766 4441 865 4505 119eq.
