3294 5104
263 311 328 374 342
534 326 776 385 qurusrrouus
800 325 1134 386 osounruouoercuu.
1294 377 1298 384 ,

264 471 317 533 nis
341 467 558 533 Gestunensis
587 469 864 552 opportunitatem
893 469 989 554 longe
1013 470 1291 552 amoenissimam,
1318 469 1353 533 F.
1377 469 1414 534 G.

265 575 586 640 Schneidewinus
608 579 720 641 noster
739 575 801 639 fide
821 577 1016 640 suavitatem
1035 598 1187 661 aequans,
1210 577 1414 640 humanitate

265 683 374 766 fidem,
402 683 521 747 litteris
550 683 801 748 humanitatem:
835 704 931 766 quem
960 705 1022 766 quo
1052 684 1158 748 minue
1186 683 1416 767 praesagiebat

265 790 392 853 animus
421 812 496 854 mox
525 793 557 854 et
585 789 803 854 familiaribus
828 794 924 874 atque
949 789 1060 854 amicis
1085 793 1118 853 et
1141 790 1275 873 optimis
1299 790 1414 856 studiis

265 901 334 960 tam
357 897 530 961 immaturo
554 896 622 961 fato
647 901 792 980 ereptum
816 896 872 980 iri,
896 917 933 960 eo
957 917 1042 960 nrrno
1067 897 1232 961 acerbiore
1254 896 1343 960 luctu
1367 917 1415 960 ca·

266 1003 432 1066 rissimum
461 1008 559 1086 caput
588 1002 823 1087 prosequimur.
873 1021 969 1067 nava
990 1038 996 1052 ·
1020 1021 1077 1067 Pla
1096 1038 1102 1052 ·
1122 1021 1215 1080 ATQ·
1236 1019 1415 1068 OANDIDA·

265 1127 378 1172 aurun
392 1143 399 1158 ·
414 1125 467 1174 sm
483 1143 489 1158 ·
505 1127 578 1173 run
593 1144 599 1158 ·
615 1127 728 1172 runnu
744 1143 751 1157 ·
766 1126 874 1174 Laws.

356 1217 385 1280 2.
423 1216 536 1280 Paullo
560 1215 773 1298 confidentius
797 1215 835 1278 de
860 1216 944 1278 servi
967 1216 1096 1280 nominc
1119 1215 1310 1301 iudicamus,
1333 1217 1416 1280 uude

269 1323 448 1388 Truculcuti
475 1344 593 1388 nomen
616 1321 769 1385 Plautina
798 1321 909 1384 fabula
932 1322 1040 1386 traxit.
1088 1323 1180 1399 Quod
1202 1345 1297 1388 nomo
1322 1324 1416 1388 facile

270 1430 380 1494 credat
395 1427 640 1493 sunnulnax
656 1428 764 1512 t'uisse,
783 1427 831 1491 uti
851 1429 884 1492 in
905 1429 1047 1512 antiquis
1067 1429 1159 1494 libris
1179 1453 1242 1495 uno
1259 1431 1329 1496 solo
1345 1431 1415 1496 loco

269 1538 435 1600 exaratum
455 1542 512 1620 est,
532 1537 566 1600 in
585 1535 797 1618 inscriptione
818 1557 953 1599 scaenae
973 1536 1098 1619 primae
1113 1539 1203 1601 actus
1218 1539 1322 1604 tertii:
1342 1561 1417 1603 nam

268 1647 301 1706 et
325 1644 359 1706 in
381 1643 579 1726 insequentis
604 1665 739 1707 scaenae
763 1647 796 1705 ct
819 1643 850 1706 in
876 1645 967 1706 actus
990 1644 1120 1709 secundi
1139 1644 1263 1728 primae
1283 1644 1418 1728 inscrip-

269 1751 356 1814 tione
385 1753 514 1814 tautum
538 1747 861 1813 Tltvovunnuvs
885 1749 987 1813 Vetus
1016 1749 1116 1814 codex
1146 1749 1290 1833 exhibet,
1319 1750 1419 1814 ceteri

268 1880 309 1921 ne
339 1857 401 1920 hoc
430 1855 559 1939 quidem
587 1862 766 1918 servarunt.
817 1854 862 1918 Et
889 1878 1022 1938 prorsus
1051 1857 1278 1921 convenienter
1305 1855 1417 1920 Veteri

269 1962 371 2027 codici
396 1984 530 2024 scaenae
547 1960 580 2023 Il
598 1965 689 2024 actus
706 1960 738 2023 Π
758 1961 856 2024 ctiam
877 1962 1113 2026 Ambrosianus
1133 1963 1217 2026 liber
1236 1963 1306 2027 sola
1320 1961 1419 2026 TltV-

546 2033 557 2042 μ

250 2063 500 2144 'UVLENTVS
524 2065 781 2130 ASTAPHIVM
809 2067 942 2130 nomina
970 2068 1162 2150 praemittit.
1208 2067 1322 2153 Itaque
1346 2091 1419 2133 cum

187 2197 191 2206 ¹
269 2177 302 2239 in
329 2177 481 2257 promptu
510 2173 554 2236 sit
582 2177 638 2234 aut
662 2171 860 2250 (rodruttoc
884 2176 941 2236 aut
965 2174 1157 2254 (rpurtlor,
1189 2174 1271 2238 unde
1295 2175 1419 2240 comico

270 2281 500 2366 hypocorismo
519 2282 575 2343 aut
589 2279 790 2359 (τρατύλλαξ
809 2279 901 2344 fieret
920 2283 977 2343 aut
996 2281 1191 2358 (τρατύλαξτ
1211 2282 1297 2364 quod
1316 2303 1419 2367 genus

270 2387 456 2452 uuiversum
477 2385 661 2450 admirabili
681 2389 716 2449 ut
735 2385 819 2449 solet
838 2385 987 2451 doctrina
1006 2386 1056 2450 vir
1074 2386 1339 2469 incomparabilis
1354 2387 1420 2452 Au·

270 2499 386 2578 gustus
405 2493 588 2558 Lob'eckius
609 2493 796 2575 complexus
816 2496 865 2556 est
883 2492 1156 2577 Paralipomenon
1176 2515 1206 2574 p.
1225 2493 1286 2558 125
1301 2516 1369 2577 sqq.
1389 2498 1422 2558 et

272 2599 486 2682 Pathologiae
505 2599 760 2683 prolegomenon
778 2621 808 2682 p.
822 2599 887 2662 446
904 2621 986 2682 sqq:
1011 2602 1120 2662 tamen
1141 2597 1358 2663 Stratullax
1379 2623 1421 2664 an

242 2751 244 2754 -
273 2707 475 2772 Stratulax
494 2705 623 2770 nominc
642 2703 876 2769 Truculentum
896 2728 988 2770 suum
1008 2727 1078 2769 esse
1097 2709 1196 2788 poeta
1214 2705 1362 2790 volucrit,
1382 2729 1421 2772 ex

272 2814 345 2896 ipsa
368 2813 480 2884 fabula
502 2835 569 2877 non
592 2817 744 2896 apparet,
768 2815 804 2876 ut
827 2813 862 2876 in
886 2834 949 2896 qua
971 2812 1138 2896 proprium
1163 2813 1278 2876 servoli
1302 2836 1421 2879 nomon

274 2943 433 3004 nusquam
466 2919 561 2983 hodic
594 2921 731 3004 legatur.
783 2917 845 2983 Sed
875 2923 984 2982 tamen
1013 2921 1049 2982 ut
1077 2918 1267 2982 bacchiacae
1297 2920 1421 2985 formae

274 3027 439 3110 aliquanto
459 3027 532 3109 plus
553 3027 743 3110 tribuamus,
762 3027 961 3108 comparatio
982 3025 1140 3108 epistulae
1155 3021 1324 3090 Tullianae
1342 3027 1422 3090 facit

275 3155 355 3216 quae
385 3137 435 3195 est
463 3132 503 3196 ad
528 3131 673 3196 Atticum
705 3131 761 3194 lib.
785 3129 874 3214 XVI,
901 3131 954 3212 15,
983 3129 1037 3194 ubi
1060 3152 1144 3194 nunc
1167 3131 1247 3196 haec
1270 3132 1423 3217 leguntur

228 3243 297 3319 1v§
320 3241 355 3302 3:
388 3236 521 3321 ‘Leptae
548 3239 732 3302 litterarum
761 3237 942 3318 exemplum
974 3235 1035 3299 tibi
1064 3235 1151 3301 misi:
1184 3260 1222 3300 ex
1250 3261 1313 3321 quo
1342 3239 1421 3302 milri

277 3345 404 3409 videtur
428 3347 620 3423 cruciculae
644 3344 699 3408 ille
723 3343 866 3407 deiectus
890 3343 928 3406 dc
952 3341 1075 3428 gradu'.
1121 3342 1171 3407 lbi
1196 3344 1326 3427 quidem
1350 3367 1421 3408 cum

278 3453 404 3536 mergitis
432 3453 601 3517 conatibus
630 3473 782 3535 graccum
805 3450 999 3516 vocabulum
1023 3449 1200 3515 Lambinus
1224 3473 1297 3514 cum
1321 3449 1422 3515 Mala-

278 3559 373 3642 spina
401 3558 539 3624 voluerit
568 3558 782 3638 crpcrqldrqt
812 3559 923 3640 scribi,
952 3560 1126 3638 ετρατήλαξ
1149 3556 1320 3620 Fischcrus
1345 3557 1422 3620 Ani·
1520 3609 1521 3612 η

279 3665 382 3730 medv.
413 3664 454 3729 ad
478 3665 612 3731 Welleri
641 3686 776 3749 gramm.
800 3665 830 3728 ll
859 3689 888 3750 p.
917 3666 975 3746 25,
1006 3663 1227 3744 ετρατοφύλαξ
1257 3662 1292 3726 iu
1320 3662 1422 3726 lexico

278 3793 392 3856 gracco
417 3773 628 3838 Sclmeiderus
654 3771 753 3856 Sanc,
782 3773 877 3836 hodic
906 3776 1015 3835 autem
1041 3769 1132 3833 illum
1156 3769 1308 3832 nimirum
1332 3789 1423 3847 (τρα-

278 3880 419 3942 τύλλακα
434 3879 500 3942 ferc
516 3881 768 3962 interpretentur
781 3877 1059 3961 iuqrcrutorculum,
1073 3897 1131 3939 nec
1146 3875 1235 3939 notio
1249 3875 1319 3958 ipsa
1332 3895 1422 3953 crpu-

278 3990 379 4064 τηγοῡ
403 3983 492 4070 (uam
516 3986 545 4048 is
568 3987 736 4067 *inrpcrator
759 3990 809 4049 est
827 3984 947 4048 usitate
966 3981 1184 4066 loquentibus,
1206 3981 1313 4064 poetis
1333 4001 1423 4060 crpu-

279 4089 431 4177 rqldrqc)
454 4092 613 4176 quomodo
637 4091 699 4156 huc
723 4092 860 4175 quadret
881 4091 1103 4174 perspicimus
1128 4110 1186 4153 nec
1210 4088 1265 4171 qui
1288 4087 1329 4150 ad
1353 4109 1423 4151 cam

280 4199 448 4263 notionem
485 4198 617 4278 (τρατόε
654 4197 803 4262 vocabuli
841 4197 939 4281 stirps
978 4197 1164 4262 traducatur
1199 4195 1279 4258 satis
1312 4193 1424 4277 liquet.

280 4304 394 4388 ltaque
423 4305 509 4388 quod
533 4303 719 4369 Dindorfius
744 4305 776 4367 in
801 4303 957 4387 Stephani
981 4303 1146 4368 Thesauro
1170 4305 1192 4366 t.
1217 4299 1280 4365 Vll
1304 4323 1334 4384 p.
1359 4301 1424 4366 855

282 4410 352 4476 ‘uec
379 4410 563 4496 quicquam'
594 4411 699 4496 inquit
723 4409 796 4475 ‘huo
819 4411 961 4495 pertinet
983 4431 1101 4476 nomen
1124 4407 1207 4472 servi
1232 4405 1425 4472 Stratilax
