3274 5114
636 440 922 490 connanremvs.
1169 411 1174 421 ’
1287 425 1351 490 243

134 625 137 630 -
209 600 263 643 sus
291 579 398 664 abest,
424 601 490 644 non
518 587 568 647 est
594 583 677 648 illud
705 606 777 648 cnm
805 583 898 648 libris
927 582 1134 666 interpolatis
1158 585 1353 650 antelmius

208 685 424 770 inserendum,
444 687 500 752 sed
518 689 720 754 intercidisse
739 692 815 754 ante
829 689 1005 770 defendabse
1019 688 1222 775 credendum,
1240 691 1351 756 eadem

207 795 244 856 ut
266 791 321 858 hic
349 792 539 858 conlocandi
567 795 729 881 elegantia
757 795 855 861 euius
877 815 909 862 se
930 796 1099 878 defendisse
1121 801 1218 882 atque
1241 797 1351 880 paullo

208 905 282 962 ante
305 899 413 964 lesaiier
433 920 465 966 ae
487 903 585 968 tatoli
607 901 748 967 dicetur.-

295 1005 421 1071 Ibidem
444 1007 478 1072 in
503 1007 664 1092 scriptura
688 1007 816 1093 quidem
839 1007 997 1074 librorum
1019 1009 1103 1072 nihil
1128 1009 1216 1075 aliud
1238 1009 1303 1074 nisi
1325 1015 1354 1074 et

206 1111 313 1177 Iioelio
339 1118 368 1178 et
389 1113 529 1197 Scipioni
558 1116 661 1181 latere
683 1114 910 1182 Fleckeisenus
940 1115 1023 1180 vidit
1055 1115 1243 1181 rectissime.
1289 1114 1351 1180 Sed

208 1217 269 1302 ipsi
298 1223 408 1285 tamen
431 1219 464 1285 id
487 1219 642 1287 Suetonio
666 1222 799 1286 minime
821 1222 944 1286 tribuet
966 1221 1021 1306 qui
1044 1225 1114 1286 tam
1137 1223 1209 1306 pari
1232 1223 1267 1286 in
1289 1222 1351 1286 hac

144 1347 150 1358 ·
208 1345 321 1392 caussa
344 1327 531 1393 condicione
553 1327 702 1394 Laelium
721 1325 970 1413 Scipionemque
994 1350 1065 1393 esse
1087 1329 1294 1412 reputaverit,
1316 1333 1353 1392 ut

207 1452 271 1496 non
299 1431 519 1518 distinguendi
543 1435 629 1499 inter
651 1455 699 1518 se,
722 1435 778 1500 sed
802 1435 965 1500 communi
988 1435 1119 1500 notione
1143 1435 1351 1518 comprehen-

207 1533 302 1602 dendi
327 1537 402 1604 sint.

296 1642 402 1710 Versu
425 1644 443 1709 t
467 1651 569 1712 tomen
591 1647 770 1732 particulae
794 1647 841 1712 ita
863 1651 992 1713 tantum
1016 1646 1106 1712 locus
1130 1649 1212 1730 erat,
1240 1647 1268 1711 ei
1292 1647 1351 1711 fal-

207 1771 276 1814 sam
300 1773 369 1816 esse
393 1752 432 1817 de
455 1752 657 1818 adiutoribus
680 1751 790 1818 Laelio
815 1758 849 1818 et
867 1751 1017 1837 Scipione
1039 1753 1163 1818 famam
1185 1753 1276 1818 illam
1300 1755 1351 1818 vel

206 1855 377 1922 Terentius
399 1859 450 1924 vel
474 1857 648 1925 Suetonius
672 1860 878 1945 significaret,
902 1865 1016 1926 contra
1039 1862 1135 1944 atque
1158 1860 1281 1924 factum
1304 1860 1350 1926 vi·
1462 1860 1467 1869 '

205 1962 327 2029 demus.
373 1963 478 2040 Quare
502 1972 567 2032 tum
589 1965 827 2050 restituendum
851 1971 921 2032 erat
943 1967 1138 2032 necessario.

295 2069 402 2136 Versu
430 2071 464 2136 10
494 2095 562 2138 non
591 2073 690 2138 mirer
719 2074 747 2138 si
778 2073 850 2158 quis
879 2073 912 2140 0.
939 2075 1021 2138 enim
1044 2073 1214 2138 Memmius
1241 2073 1351 2156 potius

206 2182 346 2262 expetat,
369 2178 511 2264 itemque
534 2202 629 2246 versu
646 2181 687 2246 13
710 2181 814 2262 Nepros
836 2185 939 2246 (1111111
960 2184 1082 2244 cimbra
1100 2204 1158 2244 —:
1181 2201 1240 2245 neo
1264 2179 1350 2244 enim

205 2283 243 2347 de
271 2285 501 2350 consuetudine
528 2285 562 2350 in
590 2287 818 2352 continuandis
848 2287 1027 2352 enuntiatis
1055 2305 1188 2370 parcum
1211 2288 1352 2370 particu-

205 2391 309 2456 larum
330 2391 521 2457 Suetonium
544 2393 680 2476 reperio
726 2391 788 2458 Sed
812 2399 923 2458 tamen
945 2393 1026 2457 haec
1050 2393 1106 2478 qni
1129 2391 1255 2476 probet,
1278 2414 1350 2457 oum

205 2499 316 2563 eodem
339 2499 407 2564 fere
430 2501 499 2564 iure
522 2499 641 2564 Soatra
663 2505 767 2564 tamen
790 2499 968 2564 Terentium
990 2497 1153 2582 requirere
1176 2520 1207 2581 p.
1230 2498 1305 2582 210,
1330 2500 1349 2563 8

205 2606 322 2689 possit,
344 2605 424 2670 item
449 2605 582 2686 meatus
604 2591 726 2689 quidem
749 2604 913 2671 Cosconius
935 2627 965 2689 p.
988 2605 1064 2688 211,
1091 2605 1142 2687 10,
1170 2607 1227 2670 ant
1254 2605 1349 2668 fidem

204 2709 361 2793 librorum
385 2713 555 2778 sollicitari
579 2714 731 2779 audacius
756 2717 813 2778 aut
836 2711 1104 2796 acquiescendum
1127 2710 1160 2774 in
1184 2711 1349 2794 asyndetis

204 2816 382 2904 intelleget.

292 2923 398 2990 Versu
420 2925 449 2990 ll
477 2926 562 3011 quod
591 2926 745 3010 vulgatur
771 2927 807 2990 111
828 2926 966 2990 oratione
981 2944 1042 3006 pro
1064 2943 1096 2988 se
1117 2924 1165 2987 (111
1188 2922 1235 2988 Ῥ.
1259 2924 1349 3004 Afri-

203 3050 299 3096 canus
325 3032 380 3114 quei
407 3053 428 3096 (1
453 3032 592 3097 Terentio
616 3051 781 3113 pesonam
803 3035 963 3096 1111111111
982 3079 989 3094 .
1005 3080 1012 3094 .
1027 3079 1056 3094 ..
1075 3027 1208 3109 (11111111,
1236 3031 1287 3095 v'el
1311 3053 1349 3095 eo

203 3158 273 3202 esse
306 3143 492 3221 suspectum
520 3137 633 3202 debuit
662 3139 762 3223 quod,
778 3137 822 3202 -si
850 3138 891 3202 ab
918 3158 983 3201 uno
1011 3134 1170 3201 duntaxat
1199 3138 1349 3222 exemplo
1379 3173 1384 3182 ·

172 3225 181 3233 ’
203 3243 389 3311 discesseris
412 3247 469 3310 vit.
505 3244 577 3310 Tib.
600 3267 626 3312 c.
644 3246 685 3310 61
712 3243 867 3332 (1111111111
889 3245 936 3308 (111
957 3243 1101 3308 ‘amitam
1118 3263 1150 3307 se
1166 3242 1348 3327 semper...’
1362 3264 1400 3304 111

204 3371 229 3413 e.
252 3375 282 3436 q.
305 3351 355 3438 a),
377 3373 535 3437 nusquam
555 3349 728 3418 Suetonius
751 3353 799 3416 eit
820 3353 871 3416 vel
894 3351 997 3434 iuquit
1018 3349 1176 3415 vocabula
1199 3351 1246 3415 eis
1266 3371 1347 3434 quae

204 3455 369 3542 adscripta
397 3463 473 3523 sunt
503 3459 586 3524 alius
613 3459 792 3542 cuiuspiam
818 3458 924 3524 verbis
948 3457 1132 3541 praemisit,
1155 3457 1347 3541 quinquiens

203 3560 306 3648 (Aug.
326 3565 378 3629 81.
407 3563 474 3630 Cal.
497 3565 549 3630 30.
577 3559 658 3630 Ner?
677 3565 729 3630 22.
752 3565 804 3628 34.
832 3563 899 3630 Vit.
925 3561 981 3649 10)
1008 3563 1197 3647 postposuit
1224 3563 1259 3626 in
1284 3563 1347 3627 fine

202 3671 377 3754 enuntiati,
409 3673 524 3736 ceteris
557 3671 592 3735 in
623 3671 704 3736 locis
738 3670 886 3734 omnibus
919 3674 994 3754 post
1024 3669 1149 3753 aliquot
1178 3663 1227 3733 ab‘
1250 3668 1345 3732 initio

202 3776 300 3840 verba
336 3777 474 3842 inseruit
510 3777 549 3844 de
586 3777 749 3844 communi
784 3775 1025 3842 consuetudine.
1082 3775 1203 3839 Rursus
1236 3777 1345 3838 autem

201 3881 297 3966 longe
320 3883 424 3946 maior
447 3885 532 3969 apud
556 3885 692 3951 eundem
714 3885 818 3967 inquit
839 3906 937 3969 quam
960 3884 1008 3948 ait
1029 3881 1176 3947 vocabuli
1196 3881 1341 3965 frequen-

201 3989 249 4053 tia
271 3993 331 4054 est.
367 3988 412 4056 Et
433 3989 509 4055 hnic
530 3991 661 4076 quidem
679 3990 726 4056 ibi
745 3991 952 4074 potissimum
970 3990 1077 4055 locum
1096 3987 1266 4072 concessit,
1288 3987 1344 4052 ubi

203 4181 335 4237 cessitate
353 4182 486 4238 iteratum
504 4181 592 4238 locum
610 4199 718 4238 nomen.
756 4181 836 4236 Vnde
855 4180 973 4252 suspitio
992 4181 1116 4236 nascitur
1134 4179 1280 4250 interpreti
1298 4178 1343 4232 de·

201 4270 260 4326 beri
278 4271 468 4342 scriptumque
488 4287 505 4324 a
523 4272 608 4339 poeta
626 4270 666 4325 eie
684 4285 757 4326 esse:

785 4374 845 4412 eum
864 4356 986 4410 Plantas
1004 4357 1092 4412 locem

377 4447 501 4517 Reliquit
518 4448 661 4516 intepram.
690 4449 759 4500 edm
776 4461 866 4500 nnuc
882 4445 936 4498 bic
953 4447 1067 4512 sumpsit
1086 4445 1140 4499 sibi

377 4537 416 4590 ln
434 4538 578 4606 Adelphos.

1078 4621 1130 4677 16*
