3302 5106
278 381 345 447 414
702 403 748 448 nn
773 404 806 450 n.
832 403 1006 452 vsaaours

279 539 341 617 Qui
366 563 456 608 error
479 540 642 628 (geminus
661 543 717 607 ille
736 545 805 610 eius
825 567 888 630 quo
904 543 1040 611 Catonis
1060 545 1099 611 de
1118 546 1232 610 liberis
1251 546 1424 612 educandis

279 647 363 712 liber
394 649 515 734 prodiit
547 649 633 733 apud
662 649 878 738 Macrobium)
912 647 952 716 ad
983 651 1080 718 Gellii
1113 673 1240 735 quoque
1272 653 1424 719 librarios

279 753 351 840 (lv,
376 754 431 841 19)
460 755 633 840 pertinuit,
662 779 726 841 quo
754 779 818 822 uno
848 759 919 823 loco
947 759 1044 824 etiam
1072 760 1176 824 bonos
1200 761 1325 826 codices
1348 760 1424 826 Gau

277 862 497 927 nominativus
522 865 699 948 occupavit.
716 901 755 911 -—
781 862 899 930 Curio
924 871 1032 931 autem
1046 865 1270 933 Varronianus
1295 873 1352 933 aut
1374 873 1425 932 est

278 964 312 1031 C.
337 965 524 1033 Scribonius
553 973 647 1052 pater
675 993 738 1036 cos.
762 971 836 1052 677,
868 977 1016 1037 mortuus
1040 995 1068 1039 a.
1092 975 1170 1058 700,
1204 979 1261 1040 aut
1284 972 1319 1039 C.
1343 973 1422 1039 Sori-

277 1074 393 1140 bonius
424 1077 510 1140 filius
540 1078 690 1142 tribunus
716 1072 749 1144 'a
774 1079 852 1163 704,
884 1101 904 1143 a
931 1079 1015 1144 Iuba
1044 1102 1119 1166 rege
1147 1081 1351 1147 interfectus:
1383 1081 1423 1146 de

278 1203 414 1267 quorum
438 1182 533 1246 rebus
557 1188 643 1248 recte
666 1185 869 1270 distinguens
894 1185 1072 1252 scholiasta
1091 1187 1263 1253 Bobionsis
1282 1187 1365 1252 dixit
1382 1187 1422 1252 ad

277 1293 360 1352 orat.
387 1289 421 1352 in
450 1287 540 1356 Clod.
573 1314 602 1375 p.
627 1292 693 1356 330
717 1291 770 1358 Or.
816 1293 867 1356 Ad
899 1297 1027 1378 patrem
1058 1298 1096 1359 ut
1127 1295 1351 1379 logistoricum
1383 1295 1422 1359 de

278 1396 366 1460 cultu
389 1396 521 1462 deorum
545 1397 708 1464 lubentius
731 1399 918 1486 referamus,
941 1403 1046 1466 virum
1065 1403 1187 1467 bonum
1207 1407 1240 1466 ct
1259 1406 1420 1466 oratorem

277 1503 333 1568 sed
356 1527 470 1588 parum
495 1527 515 1569 a
538 1505 682 1570 doctrina
706 1507 909 1591 instructum,
932 1530 1004 1572 curn
1028 1508 1170 1574 alienos
1189 1513 1328 1592 movent,
1351 1513 1420 1572 tum

276 1610 357 1675 illud
385 1613 470 1696 quod
498 1613 685 1696 pontificem
714 1613 891 1678 maximum
919 1613 1019 1690 fuisse
1048 1616 1255 1701 cognoscitur
1279 1637 1317 1679 ex
1340 1619 1421 1680 orat

276 1718 315 1784 de
338 1719 469 1803 harusp.
492 1741 575 1804 resp.
599 1743 624 1785 o.
649 1721 678 1786 6.
711 1757 751 1766 -
784 1719 833 1785 De
865 1721 1065 1786 Tuberone
1098 1723 1318 1788 controversia
1350 1743 1419 1786 esse

276 1827 398 1910 nequit,
422 1826 499 1910 quin
521 1825 549 1890 is
573 1827 617 1890 sit
639 1825 675 1890 L.
699 1825 812 1891 Aelius
837 1825 979 1912 Tubero,
1008 1850 1103 1912 quem
1126 1829 1276 1894 novimus
1299 1828 1342 1892 M.
1367 1825 1420 1891 Ci-

275 1934 401 1997 oeronis
425 1938 458 1997 et
481 1932 735 2017 condiscipulum
765 1939 798 1998 ct
820 1935 1085 2000 contubernalem
1109 1940 1143 2000 et
1167 1935 1296 2000 affinem
1320 1939 1353 2000 et
1375 1935 1420 2000 fa·

276 2039 445 2122 miliaton,
469 2037 505 2114 Q.
521 2036 686 2104 Ciceronis
711 2041 744 2104 in
759 2039 839 2104 Asia
862 2063 889 2106 a
905 2042 970 2106 693
992 2042 1153 2127 legatum:
1177 2043 1329 2108 bauaima
1351 2064 1420 2108 arra

274 2147 397 2228 iopen-io
420 2150 486 2209 tum
507 2147 648 2209 doctriua
670 2147 866 2230 metientem,
890 2152 926 2212 ut
949 2152 1000 2212 est
1022 2170 1081 2232 pro
1106 2147 1237 2233 Ligario
1262 2172 1287 2214 c.
1301 2151 1336 2234 4,
1365 2150 1417 2214 cui

275 2254 374 2317 etiam
399 2251 629 2317 Aenesidemus
659 2253 777 2330 λόγου(
800 2253 1009 2332 Πυρρωνίουε
1038 2275 1113 2318 suos
1141 2253 1310 2338 inscripsit
1333 2259 1416 2320 teste
1469 2321 1481 2338 ,

275 2358 393 2425 Photio
417 2360 502 2424 Bibl.
526 2359 594 2424 eod.
618 2359 692 2424 212.
715 2395 756 2406 -
782 2359 953 2424 Atticum
977 2360 1197 2443 unnsquisque
1222 2383 1277 2424 sua
1303 2366 1418 2445 sponte

274 2467 436 2551 intellegit
459 2489 663 2531 communem
691 2489 761 2532 esse
784 2465 940 2531 Varronis
964 2463 1194 2550 Ciceronisque
1223 2468 1360 2531 amicum
1383 2467 1418 2531 T.

275 2572 503 2656 Pomponium,
535 2571 575 2636 ad
608 2595 703 2656 quem
736 2573 834 2636 etiam
866 2575 902 2637 de
928 2574 993 2636 situ
1015 2573 1126 2658 populi
1147 2572 1285 2637 Romani
1316 2573 1417 2639 libros

275 2680 415 2764 scriptos
439 2701 509 2744 esse
533 2683 670 2744 constat.
686 2717 727 2726 -
750 2680 892 2745 Rursum
915 2685 949 2744 et
969 2680 1071 2745 Attici
1095 2685 1128 2744 et
1150 2677 1315 2746 Ciceronis
1340 2680 1417 2744 ami-

274 2809 347 2852 cum
379 2784 564 2852 Cornelium
595 2785 756 2870 Nepotem
788 2787 981 2852 historicum
1014 2791 1066 2851 sat
1098 2786 1296 2851 confidenter
1326 2787 1418 2852 illum

273 2893 463 2978 Nepotem
491 2894 757 2978 interpretamur,
785 2895 836 2958 cui
860 2894 1034 2977 inscriptus
1058 2893 1265 2978 logistoricus
1290 2894 1416 2978 ignora-

274 3023 346 3064 mus
369 3001 454 3085 quod
483 3005 708 3086 argumentum
731 3003 888 3066 tractarit.
922 3039 963 3047 —
996 2999 1150 3065 Eiusdem
1178 3002 1306 3084 generis
1335 3021 1416 3086 quae

273 3109 398 3171 restant
420 3106 566 3189 nomina,
599 3129 710 3172 eorum
735 3104 903 3172 Calenus
929 3129 1055 3192 quoque
1078 3108 1149 3192 ipsa
1173 3109 1260 3172 vitae
1283 3129 1415 3172 consue.-

272 3214 382 3278 tudine
401 3213 644 3299 officiorumque
663 3215 898 3298 coniunetione‚
921 3214 984 3277 nisi
1004 3214 1158 3298 fallimur,
1181 3233 1254 3278 oum
1269 3212 1415 3278 Varrone

273 3321 509 3386 continebatur.
553 3321 654 3397 Quem
677 3320 773 3386 facile
797 3321 957 3405 quispiam
982 3321 1123 3386 coniciet
1146 3320 1181 3397 Q.
1204 3318 1332 3384 Fufium
1355 3317 1414 3384 Ca-

272 3428 382 3493 lenum
405 3449 485 3512 esse,
508 3428 675 3492 tribunum
699 3411 727 3491 b.
742 3427 816 3511 692,
839 3429 930 3492 cuius
953 3427 1102 3512 frequens
1127 3427 1209 3510 apud
1226 3424 1415 3492 Ciceronem

273 3536 407 3600 mentio:
431 3537 603 3619 propterea
627 3534 755 3619 quidem
779 3533 863 3620 qnod
887 3535 930 3599 ud
951 3534 1082 3616 Fufium
1104 3533 1235 3616 epistula
1258 3531 1439 3597 Varronis

219 3645 472 3707 xrrmemoratur
503 3641 612 3708 Nonio
645 3664 675 3725 p.
706 3641 820 3728 117*).
846 3642 918 3706 144.
941 3641 1015 3706 425.
1072 3639 1135 3704 Sed
1168 3644 1276 3704 tamen
1310 3639 1414 3723 magis

271 3749 370 3812 etiam
392 3749 427 3813 in
450 3753 602 3833 promptu
626 3752 675 3813 est
697 3748 735 3812 de
760 3746 793 3813 C.
818 3746 975 3813 Subernio
999 3745 1120 3812 Caleno
1144 3745 1297 3830 cogitare,
1320 3767 1415 3830 quem

271 3877 335 3920 una
358 3877 431 3920 eum
454 3855 614 3939 Varrone,
641 3855 855 3940 Pompeianas
877 3859 987 3939 partes
1011 3857 1136 3934 secuto,
1163 3851 1196 3914 in
1219 3849 1415 3938 Hispaniam

272 3960 314 4046 (a
339 3960 418 4048 704)
441 3963 622 4046 profectum
645 3984 716 4026 esse
739 3959 852 4029 Cicero
876 3961 993 4028 scribit
1016 3961 1056 4026 ad
1079 3959 1181 4026 famil.
1194 3957 1260 4042 ‚IX‚
1277 3959 1326 4024 13.
1364 3958 1415 4023 Ad

358 4155 384 4224 *)
407 4155 648 4212 commemoratus
669 4153 711 4209 ibi
732 4155 880 4226 Quiutrpor
899 4155 1053 4212 Clodianus
1071 4153 1160 4208 malus
1177 4153 1276 4222 poeta,
1304 4151 1339 4206 de
1357 4167 1413 4222 quo

270 4245 376 4300 dictum
391 4245 532 4315 Parergon
546 4243 632 4312 praef.
647 4261 674 4312 p.
685 4244 745 4310 XII,
765 4243 814 4314 qui
827 4243 952 4312 potuerit
965 4245 1030 4313 post
1043 4243 1178 4312 Popmam
1195 4239 1298 4295 Orellio
1314 4239 1411 4294 Onom.

270 4333 343 4389 Tull.
362 4335 387 4386 Il
410 4353 437 4402 p.
457 4339 509 4388 604
533 4335 562 4387 et
584 4333 697 4402 Meyero
720 4331 748 4384 in
772 4331 827 4387 cic.
851 4331 928 4386 Brut.
952 4351 978 4402 p.
1000 4338 1050 4387 193
1079 4331 1168 4387 videri
1197 4329 1245 4384 (ln.
1271 4329 1417 4404 Cornelius

270 4423 405 4478 Lentulus
424 4421 573 4476 Clodianus
592 4436 734 4490 assason
753 4420 921 4489 expedimus.
950 4419 1005 4475 Sed
1020 4419 1166 4490 aequalem
1176 4417 1309 4473 Varronis
1328 4418 1414 4472 luisse

270 4511 329 4568 veri
347 4527 414 4566 sane
432 4511 476 4564 est
493 4509 591 4562 dmile.
