3274 5114
552 439 554 442 .
635 403 917 453 consensimus.
1287 385 1351 450 233

296 551 401 616 Versu
431 551 449 614 3
484 549 603 614 mirum
630 554 681 614 eet
710 546 934 632 planissimam
964 545 1156 610 sententiam
1184 545 1351 630 negotium

208 658 367 723 facessere
392 657 557 742 Scaligero
581 655 711 740 Guyeto
740 653 877 719 Heinsio
901 652 1089 718 Burmanno
1116 652 1275 736 potuisse,
1302 653 1351 717 in·

208 765 390 829 utilissimis
427 763 620 828 coniecturis
657 762 815 826 librorum
858 761 1052 845 scripturam
1090 758 1352 824 sollicitantibus.

206 869 336 953 losephi
361 874 470 935 autern
493 867 658 954 scaligeri,
681 868 736 952 qui
760 867 866 932 Porcii
891 889 1003 932 versus
1026 889 1046 930 a
1069 889 1103 930 se
1127 869 1164 930 ut
1186 867 1234 930 ait
1257 865 1351 931 easti-

207 983 303 1064 gatos
323 976 657 1044 animadversionibus
676 975 709 1039 in
724 974 858 1040 Eusebii
874 972 1113 1059 Chronologica
1131 973 1199 1038 suis
1218 973 1353 1038 inseruit

207 1108 237 1168 p.
260 1085 322 1148 144
346 1083 393 1149 ed.
412 1084 477 1166 alt,
501 1083 586 1168 quod
610 1081 742 1146 omnino
765 1080 890 1144 nullam
913 1080 946 1144 in
965 1079 1026 1144 bae
1045 1083 1116 1145 tota
1134 1079 1352 1163 disputatione

208 1190 405 1255 mentionem
431 1189 504 1254 ieci:
528 1187 694 1254 fatendum
718 1191 768 1252 est
789 1189 918 1271 praeter
940 1209 1039 1251 unum
1064 1209 1192 1251 versum
1216 1189 1352 1270 sextum,

209 1298 265 1362 ubi
291 1298 356 1362 abit
383 1298 418 1360 in
441 1295 608 1362 Graecr'om
636 1297 725 1360 recto
753 1293 870 1360 iudicio
899 1293 1013 1376 edidit,
1046 1293 1080 1357 in
1107 1293 1241 1378 reliquis
1270 1315 1353 1377 quse

210 1427 271 1469 sua
304 1426 381 1469 usus
414 1403 600 1469 coniectura
631 1401 800 1486 proposuit
831 1399 983 1465 omnibns
1015 1422 1054 1464 ne
1087 1423 1185 1464 unam
1222 1399 1352 1485 quidem

208 1533 291 1596 quse
313 1510 446 1595 probari
464 1509 571 1594 possit
589 1508 731 1572 litteram
751 1500 831 1572 esse.
868 1505 961 1583 Quod
980 1528 1052 1572 curn
1071 1505 1171 1570 libere
1190 1507 1352 1590 profiteor,

207 1641 275 1682 non
298 1638 368 1684 esse
391 1615 566 1680 verendum
589 1617 668 1700 puto
692 1635 732 1678 ne
756 1611 794 1677 de
818 1612 929 1697 magni
953 1612 1013 1676 viri
1036 1614 1132 1695 plane
1157 1611 1267 1676 divine
1290 1612 1352 1675 vir·

207 1727 278 1788 tute
302 1723 476 1808 quiequam
500 1721 669 1787 detrahere
692 1719 925 1784 irreverentius
949 1717 1067 1783 videar.

296 1827 373 1910 Peg.
398 1825 464 1902 207,
489 1827 507 1892 5
531 1828 607 1911 quin
631 1830 717 1892 recte
741 1823 872 1892 Caecilio
894 1845 1013 1888 nomen
1037 1820 1129 1910 (item
1153 1831 1190 1889 ut
1213 1825 1351 1889 versuo

209 1933 348 2019 Caecilii)
372 1935 489 2000 Petrus
509 1932 654 1998 Crinitus
673 1932 838 2017 Lilinsque
858 1931 1015 2016 Gyraldus
1039 1931 1249 2016 restituerint,
1273 1955 1353 2018 quos

207 2045 337 2126 praeter
355 2041 508 2126 Pighium
531 2044 564 2104 et
578 2039 732 2106 Vossinm
756 2061 868 2104 omnes
892 2039 995 2104 secuti
1019 2041 1103 2122 sunt,
1126 2038 1269 2104 dubitari
1287 2062 1354 2106 non

208 2147 333 2231 patitur
355 2145 549 2231 Hieronymi
578 2146 768 2211 auctoritas.
813 2144 936 2210 Verum
963 2144 1048 2209 idem
1076 2167 1149 2210 oum
1177 2143 1354 2212 Caecilium

208 2253 381 2318 ‘moriscum
411 2273 472 2318 esse
502 2273 583 2318 anuo
609 2257 682 2335 post
709 2257 836 2318 mortem
865 2252 969 2316 Εηηίι·
997 2255 1026 2316 et
1054 2252 1144 2316 iuncte
1173 2252 1354 2319 Ianiculum

207 2357 375 2444 sepultum’
398 2359 521 2445 tradet,
550 2359 659 2446 gravis
683 2360 782 2444 longo
807 2379 844 2422 ex
868 2362 1014 2442 tempore
1038 2359 1259 2424 controversis
1282 2365 1355 2426 orte

209 2469 272 2550 est,
305 2465 465 2532 Caecilius
494 2466 549 2552 qni
578 2466 688 2531 audire
712 2464 871 2530 Andriam
900 2464 1142 2550 praelegentem
1166 2465 1353 2531 Terentium

209 2573 365 2658 potuerit:
398 2573 526 2657 quando
549 2573 709 2638 Andriam
737 2595 801 2637 non
829 2573 935 2638 minus
959 2575 1082 2637 certum
1108 2577 1158 2638 est
1181 2595 1264 2639 anno
1288 2573 1353 2640 588

212 2683 318 2746 actam
341 2701 438 2764 quem
457 2677 600 2744 Ennium
623 2683 787 2744 mortuum
811 2701 895 2759 anno
917 2677 991 2744 585.
1030 2679 1097 2743 Aut
1119 2680 1219 2766 igitur
1238 2679 1353 2764 duplex

211 2785 276 2850 fuit
293 2784 332 2850 de
351 2790 455 2851 morte
469 2783 600 2851 Caecilii
619 2785 786 2869 memoria,
809 2790 865 2850 ant
884 2785 1068 2870 corruptela
1086 2785 1168 2850 latet
1191 2786 1224 2851 in
1247 2787 1354 2852 verbis

211 2891 414 2977 Hieronymi.
458 2891 527 2958 Nec
551 2893 635 2958 enim
660 2893 710 2958 vel
734 2892 773 2957 de
796 2893 904 2978 priore
928 2891 1038 2976 aliqua
1061 2891 1188 2956 actione
1211 2889 1354 2957 Andriae

209 3003 297 3062 reete
321 2998 498 3084 cogitatur,
524 3019 584 3064 nec
607 2999 646 3064 de
670 3019 828 3064 annorum
852 2999 1024 3063 intervallo
1049 2999 1133 3082 quod
1156 2998 1240 3064 inter
1263 3020 1354 3083 pree·

210 3104 383 3170 lectionem
417 3104 484 3169 eius
517 3104 649 3170 fabulae
682 3111 715 3171 et
747 3104 909 3171 actionem
946 3105 1178 3170 intercesserit:
1215 3105 1254 3170 de
1291 3129 1354 3190 quo

210 3210 417 3296 praelegendi
445 3211 584 3276 consilio
605 3211 752 3296 pluribus
776 3212 976 3296 disputatum
999 3215 1050 3275 est
1073 3209 1203 3296 Parerg.
1227 3235 1257 3296 p.
1280 3212 1354 3277 329.

209 3317 324 3402 ltaque
348 3339 420 3382 eum
445 3318 555 3402 aliqua
576 3318 693 3383 lacuna
711 3317 861 3385 laborare
880 3319 979 3384 etiam
998 3317 1146 3401 proxima
1160 3317 1354 3402 Hieronymi

211 3423 311 3488 verba
334 3421 369 3489 C.
383 3421 419 3488 P.
434 3421 640 3490 Hermannns
664 3425 838 3491 coniecerit
862 3423 1134 3490 commentatione
1157 3423 1196 3489 de
1220 3424 1353 3509 scripto·

211 3529 301 3595 ribus
329 3529 510 3595 illustribus
540 3531 626 3615 apud
649 3530 887 3616 Hieronymum
916 3531 1103 3597 memoretis
1127 3529 1355 3616 Goettingensi

212 3637 289 3702 anni
315 3637 398 3702 1848
423 3659 453 3721 p.
476 3637 575 3722 4sq.,
603 3637 695 3703 'haud
725 3639 791 3703 scio
821 3661 863 3702 sn
891 3638 925 3702 in
953 3637 1065 3702 eadem
1092 3639 1146 3702 via
1173 3637 1283 3721 paullo
1311 3638 1356 3701 sit

211 3743 341 3827 longius
373 3742 643 3828 progrediendum
676 3744 945 3828 librariorumque
976 3765 1092 3808 manus
1123 3743 1163 3807 ad
1194 3743 1259 3807 tale
1288 3741 1355 3807 lere

212 3851 393 3935 exemplum
417 3849 631 3916 emendanda:
662 3865 839 3921 MORTVVS
862 3865 931 3920 EST
955 3864 1058 3920 ANNO
1082 3863 1174 3920 POST
1197 3861 1355 3918 MORTEM

122 4027 128 4037 ,
211 3970 315 4025 ENNll
336 3972 397 4026 ΙΙΙ
415 3971 463 4026 ΕΤ
482 3971 597 4027 ΝΧΤΔ
617 3972 715 4028 EVM
733 3973 786 4027 IN
801 3971 978 4028 IANICVLO
997 3970 1197 4026 SEPVLTVS:
1227 3955 1355 4040 quando

212 4083 314 4128 annus
338 4065 414 4146 post
437 4067 575 4128 mortem
598 4063 697 4130 Ennii
722 4065 837 4129 tertius
860 4063 930 4147 ipse
953 4065 1017 4129 588
1041 4062 1113 4128 fult
1154 4059 1246 4126 Nihil
1268 4062 1356 4126 enirn

211 4191 274 4260 qno
307 4175 491 4254 temporum
528 4170 780 4256 discrepantiam
816 4170 908 4236 illam
945 4169 1122 4253 expediret,
1159 4167 1355 4249 disputando

210 4271 416 4340 Hermannue
443 4277 595 4360 profecit,
628 4297 699 4342 curn
728 4277 766 4340 de
795 4276 909 4341 mortis
938 4277 1022 4340 anno
1046 4273 1214 4338 Ennianae
1242 4271 1357 4338 leviter

211 4385 326 4446 taxans
351 4379 516 4446 Ciceronis
542 4382 766 4456 ⁴testimonium
796 4381 892 4465 idque
923 4380 1042 4464 duplex
1065 4379 1159 4443 Bruti
1187 4399 1213 4443 c.
1235 4378 1289 4462 20,
1314 4381 1355 4446 78

216 4493 250 4552 et
272 4485 387 4553 Coton.
410 4489 440 4571 5,
466 4489 517 4572 14,
541 4487 592 4560 ¹vel
617 4487 697 4552 adeo
721 4487 839 4571 triplex
862 4487 944 4552 conl.
966 4485 1057 4552 Brut
1084 4487 1133 4570 18,
1149 4485 1200 4569 72,
1222 4487 1293 4550 tum
1317 4487 1355 4556 de
