3274 5114
753 1247 845 1331 VII.

299 1401 601 1508 deperditarum
629 1401 762 1486 Plauti
789 1401 1018 1485 fabularum
1046 1401 1279 1506 fragmenta.
1382 1411 1389 1424 '

599 1690 624 1756 I.
670 1689 985 1758 AOHARISTIO.

783 1868 804 1925 I.

308 1993 433 2060 Nonius
457 2018 486 2080 p.
512 1996 583 2080 157,
607 1997 642 2061 6:
667 1995 934 2081 ‘paupercuit,
957 1995 989 2060 id
1012 1998 1064 2060 ost
1086 2015 1261 2080 pauperem
1284 1995 1365 2060 facit

221 2099 303 2188 (sio).
349 2103 482 2168 Plautus
506 2151 514 2167 .
537 2153 544 2168 .
568 2152 576 2167 .
599 2152 607 2166 .
630 2101 720 2168 Idem
744 2101 838 2190 (item
861 2101 959 2190 codd.)
984 2101 1226 2168 Acharistione:

264 2243 380 2322 Quam
404 2267 475 2331 ego
499 2248 610 2311 tanta
633 2247 846 2331 pauperaui
868 2237 936 2331 'pm
959 2245 1087 2312 dolum
1111 2243 1296 2362 pecd‘nia'
1384 2271 1397 2317 1

220 2387 536 2474 ‘Acharistiono’‚
568 2411 585 2453 e
613 2389 758 2455 codicum
786 2390 946 2474 scriptura
973 2389 1158 2456 acaristione
1191 2389 1233 2453 ab
1265 2386 1386 2454 Hadr..

219 2493 313 2560 lunio
345 2496 544 2581 restitutum,
576 2500 663 2562 recte
693 2501 791 2582 atque
821 2497 931 2563 ordine
962 2496 1003 2562 ab
1034 2494 1202 2576 ἀχάριετοε
1233 2494 1365 2560 ductum

219 2601 303 2665 servi
325 2622 445 2666 nomen
469 2623 552 2688 esse,
585 2607 622 2668 ut
644 2601 806 2683 Ἀριετίων
830 2602 1023 2668 saturnos
1051 2607 1084 2667 et
1110 2601 1251 2668 fortasse
1275 2603 1364 2667 Κακι-

219 2706 313 2772 ετίων
336 2707 377 2772 ab
401 2707 525 2788 ἄριετο(
549 2709 713 2774 κάλλιετοε
736 2709 887 2788 reductor,
911 2711 1080 2774 monebam
1096 2710 1227 2795 Parerg.
1242 2731 1271 2794 p.
1285 2709 1364 2774 105:

220 2835 284 2896 quo
307 2812 388 2878 adde
411 2837 440 2897 p.
455 2815 516 2879 143
540 2814 635 2880 dicta.
663 2815 702 2879 In
725 2837 790 2881 nno
814 2815 964 2882 Leidensi
987 2816 1151 2900 proditum
1173 2817 1364 2881 acnrmtudio

221 2943 333 2986 ansam
371 2921 460 2985 dedit
494 2922 591 3007 longe
627 2923 832 3008 ineptissimo
875 2923 1005 2988 fabulae
1045 2923 1169 2989 nomini
1211 2921 1363 3007 tingendo

219 3026 350 3107 ‘'Axupr
374 3027 542 3112 studium’,
566 3028 652 3114 quod
674 3029 827 3094 nimirum
850 3029 973 3114 placuit
995 3028 1124 3096 Bothio.

793 3242 814 3298 L
889 3293 892 3300 .

307 3367 432 3434 Plinius
455 3367 531 3435 Nat
554 3368 630 3433 hist.
653 3367 731 3434 XIV
764 3369 864 3450 592:
897 3367 1098 3435 ‘lautissima
1127 3368 1214 3453 apud
1240 3367 1364 3452 priscos

219 3475 297 3540 uina
333 3479 428 3540 erant
459 3475 612 3560 myrrhae
645 3475 742 3541 odore
775 3475 917 3559 condito,
954 3479 991 3540 ut
1023 3480 1159 3560 apparet
1189 3475 1225 3541 in
1241 3475 1364 3544 Plauti

219 3579 331 3646 fabula
354 3604 436 3667 quae
459 3583 560 3648 Persa
582 3581 783 3668 inscribitur,
811 3605 1004 3668 quamquam
1028 3582 1062 3647 in
1085 3604 1124 3646 ea
1147 3587 1180 3646 et
1203 3581 1364 3647 calamum

219 3687 293 3752 addi
312 3689 411 3753 iubet.
443 3689 516 3754 ideo
536 3688 668 3773 quidam
687 3689 860 3753 aromatite
875 3689 1052 3754 delectatos
1067 3689 1207 3754 maxime
1223 3687 1365 3753 credunt.

219 3793 275 3858 sod
289 3793 409 3859 Fabius
423 3793 612 3860 Dossennus
630 3795 683 3859 his
702 3794 850 3860 uorsibus
869 3794 1024 3860 decernit:
1043 3792 1234 3858 «mittebam
1253 3793 1363 3857 uinum

218 3900 403 3986 ptdchrum,
426 3901 636 3987 murrinam»,
659 3905 691 3966 et
713 3901 748 3966 in
771 3901 1014 3968 Acharistione:

262 4059 312 4092 ¹12
335 4063 470 4128 panem
494 4048 531 4108 et
553 4043 768 4130 poldntam,
791 4045 934 4130 uinum,
957 4045 1177 4110 murrinam.
1382 4065 1398 4112 2

219 4182 407 4251 Scaeuolam
438 4209 564 4272 quoque
594 4191 628 4253 et
658 4187 693 4252 L.
721 4187 850 4253 Aelium
880 4193 913 4254 et
942 4189 1074 4254 Ateium
1105 4185 1299 4270 Capitonem
1329 4185 1363 4250 in

219 4292 330 4358 eadem
350 4294 512 4358 sententia
530 4294 630 4360 inisse
649 4293 755 4379 uideo,
779 4295 931 4379 quoniam
950 4295 983 4358 in
1002 4293 1162 4360 Pseudulo
1182 4290 1222 4378 (v.
1234 4291 1363 4377 74034.)

220 4398 276 4463 sit:
306 4400 410 4484 «quod
434 4401 462 4466 si
486 4422 568 4484 opus
593 4403 642 4464 est
664 4403 700 4463 ut
723 4399 815 4464 dulce
838 4403 968 4484 promat
991 4397 1147 4481 indidem,
1171 4397 1281 4482 ecquid
1306 4398 1363 4463 ha·

218 4503 295 4569 bet?
311 4529 318 4570 ε
333 4529 340 4571 :
356 4507 475 4592 rogas?
500 4505 686 4591 murrinam,
710 4527 851 4589 passum,
875 4503 1048 4588 defrutum,
1072 4503 1199 4570 mella».
1245 4505 1362 4590 quibus

272 4629 313 4666 ra
328 4629 477 4665 artacaeon
491 4628 624 4666 orvscvnn
638 4629 680 4666 ru.
1117 4615 1148 4663 12
