3274 5114
563 385 780 434 ascensura
802 385 991 434 ansverus.
1285 371 1348 437 199

205 532 356 613 promptu
385 550 455 595 esse
484 529 592 614 video,
619 533 655 594 ut
678 530 915 616 margaritae
938 528 1169 616 intellegantur
1193 531 1233 596 ad
1257 553 1348 598 orna·

206 639 272 698 tum
297 635 487 702 muliebrem
504 637 718 720 pertinentes:
742 659 840 721 quam
860 637 991 722 quidem
1010 635 1146 722 ‘baea',
1169 637 1248 702 item
1268 637 1348 703 ‘ba-

205 739 329 806 eatus'
352 763 467 808 vocum
491 743 763 829 significationem
785 765 844 827 per
867 743 971 808 multa
995 744 1123 808 saecula
1146 745 1226 810 satis
1249 745 1349 810 usita-

204 851 272 914 tam
299 847 411 914 multis
439 851 601 934 persecuti
629 854 705 916 sunt
732 850 925 934 interpretes
948 850 1093 916 Petronii
1116 848 1182 917 Sat
1206 873 1274 936 cap.
1297 852 1348 917 55.

205 953 384 1022 Fatendum
417 961 467 1022 est
494 979 572 1023 sane
600 958 783 1044 antiquiora
812 956 950 1022 Horatio
978 957 1124 1043 Vergilio
1153 958 1269 1024 Ovidio
1298 981 1348 1024 ex-

205 1063 311 1147 empla
336 1063 406 1128 eius
434 1063 664 1148 appellationis
692 1085 757 1130 non
785 1068 923 1129 exstare:
956 1086 1153 1150 quamquam
1183 1065 1287 1130 altera
1311 1087 1349 1130 ex

205 1172 296 1253 parte
325 1170 513 1255 responderi
543 1175 653 1256 potest
681 1193 722 1238 ne
752 1169 963 1258 ‘margarita'
993 1168 1058 1256 (rel
1086 1169 1349 1258 ‘margaritum')

205 1276 335 1360 quidem
371 1278 564 1343 vocabulum
598 1278 814 1364 antiquiorem
844 1276 990 1342 Varrone
1022 1282 1188 1343 auctorem
1219 1278 1350 1345 habere.

206 1381 344 1448 Gravius
368 1389 427 1468 est,
451 1385 536 1470 quod
559 1387 628 1470 ipse
652 1387 902 1471 margaritarum
926 1408 1003 1452 usus
1027 1409 1047 1452 a
1069 1385 1220 1452 Plautina
1243 1391 1350 1454 aetate

205 1511 275 1555 esse
307 1491 430 1558 alienus
454 1491 589 1558 ridetur.
628 1490 705 1558 Non
728 1493 808 1559 satis
832 1492 962 1578 quidem
984 1492 1045 1558 bac
1068 1493 1103 1558 in
1129 1513 1226 1558 eausa
1250 1493 1350 1560 Plinii

203 1596 389 1664 testimonia
421 1599 545 1683 valent,
576 1601 631 1685 qui
664 1621 737 1666 eum
764 1600 819 1666 lib.
848 1598 1017 1684 XXXVII,
1047 1601 1088 1664 12
1118 1599 1268 1684 ‘Pompei
1296 1601 1349 1686 (de

204 1701 406 1792 Mithridate)
442 1705 612 1772 victoriam
644 1706 809 1791 primum
842 1705 882 1772 ad
914 1705 1108 1791 margaritas
1141 1727 1349 1791 gemmasque

204 1833 311 1876 mores
338 1811 528 1878 inclinasse'
557 1812 720 1898 perhibet,
747 1813 779 1878 id
809 1813 843 1878 in
867 1835 963 1899 quarn
986 1815 1112 1898 partem
1135 1813 1349 1898 interpretan-

204 1916 280 1982 dum
308 1918 365 2004 sit,
390 1918 520 2004 planius
544 1942 561 1985 e
584 1919 640 1986 lib.
662 1919 724 2005 IX,
751 1918 1048 2004 mairanegas,
1074 1919 1131 1984 ubi
1153 1920 1348 2005 margaritas

204 2021 337 2091 ‘Romae
376 2026 410 2091 in
440 2027 701 2111 promiscuum
734 2048 776 2092 ac
808 2026 1051 2112 frequentem
1082 2047 1189 2090 usum
1222 2027 1348 2093 venisse

205 2131 409 2198 Alexandrea
438 2133 473 2199 in
502 2134 662 2200 dicionem
691 2131 839 2199 redacta'
866 2136 980 2200 namet
1002 2135 1134 2198 auctore
1156 2132 1349 2218 Fenestella,

204 2261 298 2326 quem
325 2243 436 2306 tamen
460 2239 625 2306 manifesti
648 2241 683 2306 in
707 2262 745 2307 eo
769 2241 887 2306 erroris
911 2239 1033 2325 arguit,
1061 2240 1147 2324 quod
1170 2239 1350 2324 ‘primum

205 2347 348 2432 coepisse
381 2347 467 2414 cirea
489 2346 625 2415 Sullana
651 2351 799 2433 tempora
826 2347 969 2413 minutas
998 2349 1031 2410 et
1057 2346 1139 2412 viles
1167 2346 1349 2433 tradiderit,

205 2475 275 2519 cum
295 2453 408 2520 Aelius
431 2453 514 2522 Stilo
533 2455 726 2543 Iugurthino
749 2455 836 2521 bello
859 2455 1016 2520 unionum
1033 2475 1152 2519 nomen
1170 2453 1349 2538 inpositum

204 2561 343 2626 maxime
370 2561 547 2648 grandibus
574 2561 760 2648 margaritis
788 2557 970 2647 prodat'.¹²)
1020 2559 1114 2626 Vnde
1141 2561 1349 2646 consequitur

204 2690 281 2734 sane
314 2669 381 2735 iam
416 2671 490 2734 ante
519 2667 599 2734 illud
627 2668 749 2734 bellum
776 2667 975 2732 minutarum
1003 2671 1037 2732 et
1064 2667 1177 2732 vilium
1207 2668 1349 2753 aliquem

205 2775 327 2860 saltem,
351 2797 547 2860 quamquam
569 2775 713 2842 nondum
736 2775 955 2860 promiscuum
979 2795 1017 2840 ao
1040 2775 1255 2858 frequentem,
1285 2775 1348 2839 Ro·

204 2903 275 2946 mae
306 2903 401 2946 usum
433 2880 543 2946 fuisse.
597 2880 644 2946 At
675 2884 797 2966 quanto
761 2880 1001 2946 tintervallo
1035 2879 1076 2945 ab
1109 2881 1171 2946 hoc
1202 2883 1348 2965 tempore

192 2985 355 3052 'Plautina
378 2991 467 3053 aetas
493 2988 606 3052 distet!
634 2985 705 3053 Hae
728 2990 838 3052 autem
861 2989 968 3051 aetate
991 2987 1178 3072 margaritis
1201 2983 1348 3072 (perinde

203 3116 240 3159 ac
263 3094 415 3180 gemmis)
438 3093 596 3159 nullum
586 3115 621 3158 rn
644 3093 765 3159 mundo
789 3093 938 3158 muliebri
961 3093 1069 3158 locum
1091 3092 1194 3158 fuisse
1217 3115 1290 3159 cum
1309 3115 1347 3159 ax

204 3223 240 3266 eo
268 3200 364 3266 facile
393 3200 542 3287 colligas,
569 3199 687 3285 quod
677 3223 711 3265 m
735 3201 803 3264 eius
826 3199 937 3264 mundi
960 3198 1230 3283 descriptionibus
1253 3197 1349 3264 Plau·

202 3307 295 3392 tinis,
317 3311 354 3372 ut
377 3328 473 3392 saepe
497 3307 567 3372 auri
591 3311 624 3373 et
646 3329 821 3392 pru-purae,
843 3330 854 3372 1
856 3311 891 3372 a
914 3306 1166 3392 margaritarum
1188 3327 1349 3390 nusquam

203 3415 271 3480 ulla
294 3414 416 3480 mentio
439 3415 486 3497 fit,
508 3418 579 3480 tum
599 3417 651 3480 sat
668 3417 757 3479 certo
776 3413 850 3478 inde
869 3413 1050 3496 concludes,
1073 3413 1159 3497 quod
1178 3413 1217 3478 de
1236 3411 1349 3478 eodem

203 3521 349 3588 luxuriae
368 3541 486 3607 genere
503 3541 571 3587 non
589 3520 696 3585 minus
714 3523 842 3585 tacetur
860 3519 896 3583 in
914 3519 986 3603 lege
1006 3519 1111 3604 Oppia
1118 3515 1167 3605 ¹³),
1190 3541 1255 3604 qua
1272 3541 1348 3586 oon-

276 3770 320 3838 m)
338 3767 463 3824 Permiro
482 3766 600 3823 artificio
619 3766 806 3823 Fenestellam
826 3759 924 3822 contm
936 3765 1060 3822 Plinium
1074 3765 1201 3821 defendit
1214 3765 1348 3823 Poetbius

206 3857 270 3914 diss.
289 3858 324 3913 de
343 3856 503 3914 Fenestella
521 3857 575 3925 (ed.
594 3857 709 3912 Bonnae
728 3873 754 3912 a.
770 3857 849 3924 1849)
864 3875 891 3926 p.
910 3859 953 3924 38,
972 3854 1101 3912 immixta
1119 3855 1189 3912 duce
1209 3853 1348 3912 Salmasio
1458 3893 1462 3900 ·

203 3947 298 4003 Exere.
317 3947 390 4002 Plin.
415 3946 454 4016 ‘p
474 3947 537 4002 ‘lle'
558 3944 654 4014 (immo
678 3963 706 4016 p.
725 3947 790 4014 822)
809 3961 844 4000 ea
864 3945 952 4002 ‘unio'
973 3945 1049 4002 vocis
1066 3943 1271 4016 significatione
1291 3962 1346 4015 qua

204 4037 307 4104 aequat
325 4051 428 4106 caepae
452 4034 604 4092 notionem.
629 4067 660 4074 -
685 4034 834 4114 Merclrlini
852 4035 886 4091 de
905 4035 1064 4092 Fenestella
1083 4035 1346 4092 commentationem

202 4141 354 4196 numquam
372 4124 439 4180 ridi.

275 4235 319 4304 13)
337 4231 434 4288 Monet
455 4249 501 4288 me
522 4235 618 4288 temen
637 4231 787 4288 Mauricius
804 4229 936 4302 Voigtius
959 4249 1014 4288 nou
1032 4229 1198 4302 pertinuisse
1216 4230 1289 4284 hanc
1308 4230 1345 4286 le·

202 4337 267 4390 gem
290 4321 326 4376 ad
346 4320 508 4392 peregrinas
526 4321 632 4376 Romae
650 4320 797 4391 degentes,
820 4319 931 4390 quando
949 4319 1025 4391 apud
1043 4320 1135 4390 ipsum
1153 4317 1265 4374 Livium
1284 4337 1345 4390 cap.

203 4415 227 4477 7,
247 4415 263 4464 5
285 4409 434 4466 ‘sociorum
452 4409 536 4465 latini
554 4407 674 4464 nominis
693 4409 824 4465 uxoribus
843 4409 950 4478 eadem,
969 4423 1041 4480 quae
1055 4406 1189 4466 Romanis
1203 4407 1344 4482 adempta,

203 4501 367 4582 ornamenta
384 4514 444 4554 esse
463 4497 603 4552 concessa’
624 4495 761 4553 dicuntur.
