3294 5104
494 354 733 422 ovansrionas
758 353 1092 404 ouonssonouicsn.
1300 341 1364 406 309

261 497 483 584 Phormionis3
508 533 546 544 -
572 498 653 564 item
675 498 896 564 Mostellariae
916 497 955 582 V,
978 500 1009 582 2,
1032 499 1074 563 28
1098 495 1224 584 (1149).
1265 498 1365 566 Nullo

260 606 450 671 testimonio
478 609 607 672 constat
629 605 668 672 de
692 607 807 700 aliqua
825 609 987 686 Δημιφῶν
1010 605 1129 670 forma:
1159 628 1237 670 nam
1260 606 1364 693 Hygi-

259 733 320 778 nus
348 712 481 778 Astron.
509 712 556 796 ΙΙ,
583 713 628 777 40
656 709 701 798 (p.
723 711 789 775 413
805 735 851 796 sq.
875 711 1017 797 Munek.)
1046 733 1118 776 cnm
1145 711 1365 796 Phylarchum

261 819 445 884 exscribens
465 819 619 914 Dcoziprlro
640 818 750 902 posuit
771 817 955 896 identidem,
975 817 1108 882 dubium
1128 839 1194 882 non
1215 823 1265 883 est
1286 819 1365 904 quin

258 925 363 1009 ipsam
394 927 533 990 latinam
561 925 777 991 substituerit.
823 924 912 1011 Ergo
942 925 976 988 in
1000 947 1038 989 ea
1062 925 1214 1010 analogia
1236 926 1363 1011 acquie-

259 1032 429 1118 scendum,
461 1034 500 1098 de
530 1057 594 1118 qna
618 1031 843 1098 Fleckeisenus
867 1033 1017 1116 exposuit
1039 1031 1143 1096 Musei
1166 1031 1316 1098 Rhenani
1340 1039 1362 1098 t.
1398 1101 1403 1106 ,

259 1137 338 1202 VIII
361 1161 391 1223 p.
415 1140 489 1206 228.
537 1137 600 1220 [cf.
624 1138 740 1224 Opusc.
764 1138 796 1204 ΙΙ
819 1161 849 1223 p.
873 1140 960 1218 488.)

214 1243 433 1326 *Διάβολος
456 1246 661 1312 Diabolus:
690 1244 879 1310 adulescens
903 1245 1082 1309 Asinariae.
1128 1245 1228 1311 Aliud
1252 1249 1362 1334 agenti

258 1349 464 1418 Diabolus
498 1353 561 1418 sibi
594 1350 749 1443 eir-cidisse
781 1352 815 1417 in
848 1351 989 1416 editione
1021 1351 1247 1418 Fleckeisenus
1281 1354 1360 1418 mihi

258 1457 426 1542 significat.
482 1503 489 1508 -

183 1551 185 1558 ’
212 1560 476 1633 *Διαπόντιοε
504 1567 755 1651 Diapontius:
784 1565 1038 1631 ‘transmarinus
1061 1567 1205 1651 hospes’‚
1228 1565 1360 1632 Mostel-

255 1671 356 1738 lariae
380 1673 422 1758 ΙΙ,
445 1675 475 1757 2,
499 1674 541 1739 66
566 1671 668 1759 (497).

210 1777 439 1859 *[Δινὰκιον
462 1780 679 1846 Dinaoiurn:
704 1781 796 1865 pueri
821 1782 899 1846 olim
919 1782 1086 1867 vulgatum
1105 1802 1224 1845 nomen
1245 1779 1359 1867 Stichi,

255 1886 310 1951 sed
333 1887 367 1953 id
390 1892 424 1952 et
446 1910 504 1972 per
528 1911 561 1952 se
581 1889 706 1954 ratione
725 1889 918 1954 destitutum
937 1893 969 1954 et
988 1888 1067 1972 ipsis
1087 1887 1180 1952 libris
1200 1887 1357 1972 antiquis-

250 1993 347 2070 simis
366 1996 552 2060 auctoribus
572 2017 655 2060 nunc
675 2018 748 2060 cum
762 1996 930 2062 Pinacium
949 1999 1123 2061 mutatum:
1145 1995 1183 2060 de
1203 2017 1266 2078 quo
1285 1995 1357 2060 vide

255 2100 491 2184 praefationem
516 2101 620 2167 Stichi
643 2125 674 2186 p.
699 2103 751 2184 X.]

211 2207 412 2288 Διόδωρος
436 2208 643 2274 Diodorus:
669 2210 816 2294 saltator,
839 2209 957 2275 Persae
976 2210 1015 2292 V,
1034 2211 1064 2292 2,
1083 2211 1125 2274 43
1145 2207 1248 2294 (824).
1282 2207 1356 2273 Non

253 2337 363 2380 rarum
386 2315 419 2378 in
442 2314 549 2380 titulis
573 2315 694 2380 latinis.

208 2421 370 2487 *Aicroc
394 2421 547 2487 Discus:
571 2423 718 2506 libertus,
741 2422 890 2488 Eunuchi
914 2421 973 2501 ΙΙΙ,
997 2421 1026 2504 5,
1051 2421 1094 2486 60
1119 2419 1220 2507 (608).

207 2528 334 2595 Δόναξ
355 2525 502 2592 Donax:
526 2550 648 2612 seruus,
666 2528 814 2594 Eunuchi
833 2527 890 2612 IV,
910 2529 939 2611 Ι,
958 2529 986 2593 2.
1006 2527 1027 2592 4
1047 2524 1137 2613 (772.
1158 2527 1244 2614 774).
1278 2527 1354 2592 Alia

251 2636 397 2720 exempla
420 2637 646 2721 inscriptiones
670 2637 791 2702 latinae
814 2637 980 2721 praebent.

207 2740 433 2821 *Ao'pouloc
457 2740 661 2808 Dordalus:
692 2743 766 2808 leno
791 2741 918 2806 Persae.
963 2739 1037 2806 Nisi
1067 2739 1121 2804 ille
1152 2740 1221 2804 fuit
1244 2743 1352 2824 potius

251 2847 485 2929 *Δόρπαλοε
508 2850 718 2934 Dorpalus,
741 2872 838 2934 quam
859 2849 999 2913 formam
1018 2850 1245 2930 argumentum
1264 2869 1351 2911 acro-

249 2955 389 3020 stichum
408 2960 529 3022 servat:
549 2956 677 3041 quando
693 2956 852 3021 Dordalus
870 2953 1011 3019 nominis
1031 2953 1246 3038 veriloquium
1261 2975 1350 3038 pror·

250 3083 303 3126 eus
327 3059 451 3128 nulluni
472 3063 506 3128 in
524 3067 676 3148 promptu
701 3085 771 3128 esse
789 3063 855 3128 dixi
875 3063 941 3128 iam
960 3061 995 3125 in
1013 3061 1214 3144 praefatione
1232 3060 1351 3124 Persae

249 3191 279 3253 p.
304 3167 358 3234 XI.
404 3171 566 3255 Argutam
590 3167 826 3235 Schneidewini
850 3167 1077 3248 coniecturam,
1100 3165 1151 3231 oui
1175 3165 1348 3246 *Πόρδα-

249 3280 314 3341 λος
338 3275 524 3341 Pordalus
543 3298 608 3340 non
627 3277 710 3340 male
730 3276 849 3360 olebat,
872 3273 1121 3340 commemoravi
1141 3295 1208 3356 cap.
1224 3271 1295 3355 II§
1318 3277 1348 3338 l:

248 3405 345 3466 quam
364 3388 473 3448 tamen
491 3403 576 3446 nunc
595 3382 688 3447 video
704 3380 881 3447 Camerarii
900 3381 1047 3446 acumine
1067 3382 1255 3463 occupatam
1270 3402 1348 3444 esse.

204 3489 372 3568 Δόρκιον
396 3487 590 3554 Dorcium:
614 3488 739 3572 mulier,
762 3487 967 3552 Phormionis
991 3487 1015 3570 Ι,
1039 3485 1281 3572 2,102(152);
1305 3525 1345 3534 —-

246 3596 325 3663 item
349 3596 433 3679 apud
457 3595 640 3680 Turpilium
664 3617 692 3661 v.
715 3595 777 3660 126
792 3594 842 3678 R.;
868 3617 945 3658 —e
969 3595 1100 3659 comicis
1124 3597 1239 3677 quater
1261 3616 1347 3658 com-

247 3706 462 3768 memoratum
486 3703 653 3769 Prisciano
677 3703 697 3766 l.
722 3725 746 3768 s.
769 3725 793 3766 s.
818 3701 878 3766 sub
902 3700 1095 3781 Ἀβρότονον
1119 3703 1152 3763 et
1170 3701 1346 3778 Γλυκέριον.

246 3807 294 3874 Of.
317 3808 448 3889 Δορκάς
471 3810 625 3874 meretrix
648 3808 781 3874 Luciani
805 3813 838 3874 et
861 3805 908 3894 (iu
932 3804 1053 3891 titulis)
1077 3806 1207 3872 Dorcas.

201 3915 365 3996 Δρόμων
387 3913 540 3981 Dromo:
565 3939 677 3981 servus
697 3916 848 4000 Andriae,
871 3913 1051 3999 Adelphon,
1075 3913 1344 3978 Hautontimoru·

245 4043 353 4106 menu3
377 4023 457 4088 item
480 4022 650 4088 Asinariae
673 4022 715 4106 ΙΙ,
738 4025 769 4108 4,
792 4023 834 4088 35
854 4020 959 4109 (441),
982 4021 1173 4086 Aululariae
1196 4021 1237 4106 ΙΙ,
1261 4022 1290 4104 9,
1317 4023 1344 4086 1.

199 4129 353 4208 Δωριᾶ(
377 4128 535 4196 Dorias:
559 4131 677 4196 ancilla
700 4129 859 4194 Eunuchi.

199 4235 387 4317 Δωρίππη
412 4235 584 4321 Dorippa
608 4235 785 4322 (Doslrn):
810 4237 925 4302 mulier
947 4235 1147 4300 Mercatoris.

199 4343 360 4420 Δωρίων
383 4341 516 4408 Dorio:
539 4343 612 4407 leno
636 4343 849 4409 Phormionis.

198 4449 334 4530 Δῶρος
358 4447 498 4516 Dorus:
523 4448 686 4514 eunuchus
706 4447 863 4517 Eunuchi.
899 4447 1009 4516 Etiam
1033 4447 1067 4512 in
1091 4447 1196 4512 titulis
1221 4448 1332 4521 latinia
