3294 5104
299 377 365 443 286
385 367 391 376 ’
706 399 753 446 na
778 399 1036 448 uusausmoua

298 537 458 616 adhibuit,
481 541 514 603 et
537 539 690 605 adhibere
714 563 751 606 eo
775 543 974 608 commodius
997 541 1115 626 potuit,
1137 542 1223 626 quod
1246 543 1369 626 publici
1392 565 1444 608 eo-

298 665 371 708 rum
395 646 542 731 plerique
566 651 665 712 eraut.
712 647 904 734 Quanquam
928 649 1085 734 quosdam
1108 648 1284 713 accessisse
1307 648 1444 735 Langia·

297 771 413 816 norum
436 775 570 819 numero
593 777 658 820 non
678 756 927 840 comprehensos
946 755 1041 820 facile
1061 777 1099 820 ex
1117 756 1158 820 iis
1177 756 1443 822 annotationibus

274 859 500 944 perspicitur,
523 862 639 945 quibus
661 863 752 926 velut
773 863 886 946 Regios
909 867 942 928 et
964 863 1163 928 Aeaaeneos
1186 866 1385 929 antestatur:
1407 869 1444 928 ut

297 969 461 1032 taceamus
476 969 662 1035 Mcodr'anos
685 969 830 1055 aliosque
853 970 924 1054 ipso
944 969 1074 1034 nomine
1098 969 1253 1034 diversos.
1286 969 1442 1034 Attamen

297 1070 383 1138 huuc
406 1074 527 1159 locum,
555 1075 610 1161 qui
634 1079 683 1140 est
705 1076 744 1141 de
768 1076 968 1142 Bentleiauis
993 1076 1101 1155 libris,
1128 1098 1188 1161 par
1212 1079 1262 1140 est
1284 1076 1441 1141 intactum

297 1177 350 1242 liic
377 1180 530 1266 relinqui,
562 1204 635 1247 cum
663 1181 725 1247 hoc
752 1182 859 1266 ipsum
887 1183 982 1266 quale
1010 1182 1054 1248 sit
1076 1203 1228 1267 quaerere
1252 1205 1271 1246 a
1294 1183 1441 1248 Philoso—

296 1283 435 1366 phorum
463 1287 583 1352 Ordine
613 1310 716 1372 nuper
746 1289 825 1354 iussi
856 1289 938 1354 sitis.
991 1289 1108 1354 Restat
1138 1294 1320 1354 exterorum
1350 1313 1442 1375 uuus,

297 1390 544 1460 Westerhovius
568 1392 669 1482 (Hag.
688 1393 778 1460 Com.
804 1394 905 1480 1726)
929 1395 1076 1461 codicum
1101 1419 1120 1459 a
1145 1399 1248 1460 semet
1270 1401 1439 1481 usurpato-

295 1519 366 1563 rum
390 1500 487 1584 longe
503 1500 649 1567 Bentleio
669 1502 858 1587 diligentior
881 1502 985 1568 testis.
1017 1501 1104 1566 Vsus
1127 1487 1177 1568 est
1200 1503 1286 1568 enim
1310 1504 1440 1588 scriptis

296 1607 449 1690 exemplis
473 1607 627 1674 tredecim
650 1609 717 1673 his:
743 1609 883 1693 quinque
897 1608 1103 1686 Leidaaibus,
1128 1630 1265 1692 quorum
1288 1612 1437 1693 quartum

296 1709 358 1776 XV
381 1716 508 1780 saeculo
541 1715 671 1799 tribuit,
704 1715 852 1801 quintum
876 1716 1045 1800 antiquum
1069 1719 1176 1798 vocat3
1209 1715 1334 1782 duobus
1357 1716 1439 1782 Iusti

294 1817 406 1904 Lipsii,
421 1844 556 1906 quorum
572 1824 656 1889 alter
674 1824 752 1888 item
772 1824 928 1908 migravit
941 1824 975 1889 in
990 1823 1181 1888 Leidensem
1196 1821 1439 1906 bibliothecam;

296 1925 470 1992 Traiectino
494 1929 676 1994 academico
701 1929 801 1994 chart.
825 1951 906 1994 saec.
930 1928 1000 2012 XV,
1025 1927 1193 1994 oxoniensi
1215 1929 1398 1994 academico
1422 1951 1439 1994 e

296 2031 389 2096 libris
412 2033 539 2112 Bodlei,
561 2034 733 2099 Martiano
757 2033 836 2098 Xlll
860 2035 989 2118 saeculi,
1011 2034 1147 2119 denique
1167 2034 1352 2118 Graeciano,
1375 2035 1439 2100 Wi-

295 2139 390 2223 tane,
412 2139 734 2205 Boenderrrwlrercbno
757 2142 906 2206 membrr.
947 2139 1037 2204 Inter
1059 2143 1222 2206 nostrates
1245 2145 1353 2206 autem
1377 2142 1438 2207 hoc

296 2245 425 2328 quidem
449 2249 578 2313 saeculo
602 2247 728 2314 codices
752 2249 877 2332 primus
896 2247 1125 2331 circumspexit
1139 2246 1287 2332 Bothius,
1310 2249 1438 2334 utrique

298 2351 433 2416 editioni
447 2351 567 2439 (Berol.
586 2355 669 2420 1806
689 2358 722 2418 et
735 2354 832 2420 Halb.
845 2353 943 2442 1822)
963 2354 1118 2419 adhibitis
1137 2355 1241 2419 tribus
1256 2355 1437 2420 Berolc'ncn·

293 2458 391 2544 abiis,
413 2462 581 2546 tribusque
597 2462 854 2545 Guelferbyiuuis,
877 2483 1014 2546 quorum
1036 2483 1119 2557 quus
1144 2461 1206 2526 fuit
1229 2461 1306 2526 olim
1329 2462 1438 2526 Helm-

291 2567 455 2632 sludiensrs
483 2572 516 2633 et
542 2568 699 2652 peculiari
728 2568 819 2634 Faoii
847 2591 946 2653 opera
974 2569 1111 2634 collatus
1140 2589 1210 2633 esse
1240 2569 1273 2633 iu
1296 2567 1437 2634 Harlesii

293 2669 464 2754 Opusculis
488 2673 605 2739 fertur:
638 2675 755 2759 quibus
784 2676 878 2740 libris
902 2676 937 2740 in
961 2676 1172 2742 annotatione
1195 2675 1307 2740 critica
1330 2679 1437 2758 poste-

292 2779 388 2844 rioris
415 2781 567 2847 editionis
596 2783 732 2848 accessit
761 2783 900 2848 omissus
929 2783 963 2847 in
986 2783 1187 2866 praefatione
1209 2781 1437 2864 Frrburpcasis.

291 2885 442 2954 Haece
464 2894 572 2955 autem
597 2889 717 2956 codicis
740 2888 835 2954 fidem
859 2892 988 2955 constat
1006 2888 1137 2954 Brunsii
1156 2888 1332 2954 editionem
1348 2889 1437 2976 (Hal.

295 2993 394 3081 1811)
427 2995 673 3082 religiosissime
705 2997 837 3062 imitari.
887 2995 967 3061 Tres
1000 2995 1255 3078 Greelfcrbytanos
1287 2993 1436 3082 (quartus

290 3101 377 3166 euim
397 3102 523 3168 scholia
535 3106 665 3168 tantum
684 3103 843 3188 quaedam
862 3103 913 3168 vel
932 3103 1059 3187 glossas
1078 3101 1317 3189 complectitur)
1335 3103 1435 3167 habes

292 3207 326 3272 in
350 3207 470 3274 Perleti
494 3210 635 3276 editione
660 3209 763 3294 (Lips.
785 3207 884 3294 1821)
908 3211 1084 3293 excerptos,
1107 3208 1162 3292 qui
1184 3211 1352 3292 praeterea
1375 3209 1435 3276 Ge

291 3313 401 3380 thonos
423 3315 503 3381 duos
527 3317 677 3402 inspexit,
700 3319 733 3380 et
751 3337 789 3380 ex
802 3315 927 3380 Ienarsi
945 3314 1103 3400 quaedam
1123 3314 1236 3380 attulit
1255 3317 1434 3382 accuratius

292 3421 333 3484 ab
365 3419 391 3488 Ι.
414 3419 452 3487 G.
475 3422 631 3490 Muellero
664 3423 698 3488 in
725 3421 870 3496 Walchii
899 3422 970 3488 Act
1000 3443 1063 3488 soc.
1092 3419 1158 3487 len.
1190 3422 1211 3486 1.
1243 3445 1269 3488 c.
1303 3423 1432 3488 collato.

289 3525 436 3612 Vtroque
450 3527 602 3596 Gothano
622 3535 655 3596 et
669 3529 925 3596 Helmstadiensi
948 3530 1047 3594 etiam
1066 3527 1274 3614 Boettigerus
1297 3551 1375 3595 usus
1399 3530 1433 3594 in

290 3633 380 3718 Spec.
394 3659 467 3703 nov.
483 3637 530 3703 ed.
544 3637 614 3703 Ter.
647 3637 794 3724 Denique
816 3635 1012 3703 nostratium
1036 3635 1135 3700 trium
1149 3635 1433 3720 Rdrdrpmmrum

289 3743 468 3825 specimina
490 3743 665 3832 Pinzgerus
690 3744 838 3810 exhibuit
860 3744 894 3808 in
909 3741 1048 3809 Seebodi
1061 3740 1186 3806 Horreo
1209 3742 1288 3825 phil.
1303 3765 1331 3808 a
1349 3743 1432 3808 1824

288 3871 318 3932 p.
343 3851 407 3916 816
423 3874 491 3937 sqq.
513 3873 677 3936 unumque
701 3850 922 3934 Grypbwnsan
945 3847 1145 3915 Reinholdus
1167 3848 1283 3915 Adnot.
1307 3849 1375 3915 crit.
1398 3849 1432 3912 in

288 3953 359 4021 Ter.
380 3953 535 4044 (Primisl.
558 3955 657 4044 1830)
676 3957 801 4024 habuit
843 3954 999 4024 Consulto
1019 3961 1128 4022 autem
1146 3957 1432 4042 praetermisimus,

287 4063 315 4128 si
339 4063 395 4148 qui
419 4064 518 4129 semel
537 4065 628 4130 bisve
647 4067 942 4130 commemorantur
961 4087 981 4130 a
999 4064 1121 4131 criticis
1142 4064 1230 4129 aliud
1250 4063 1432 4148 agentibus,

287 4173 324 4233 ut
350 4171 385 4234 in
407 4169 510 4237 Novis
534 4169 634 4237 Lectt
658 4171 784 4238 Castori
811 4171 924 4255 codex,
955 4171 990 4238 in
1019 4171 1147 4249 Quaest
1171 4171 1277 4235 Plaut.
1305 4157 1431 4234 codices

287 4275 444 4361 Gulielmi,
469 4278 524 4343 alii
549 4277 636 4343 alibi.
683 4277 891 4363 Singulorum
915 4281 1033 4364 autem,
1056 4299 1138 4363 quos
1163 4276 1430 4358 enumeravimus,

287 4385 469 4448 accuratior
491 4383 664 4468 descriptio
688 4405 726 4448 ex
747 4382 905 4448 editorum
925 4384 993 4450 sive
1011 4382 1268 4469 praefationibus
1288 4381 1356 4446 sive
1375 4403 1430 4446 an·

287 4489 512 4556 notationibus
535 4495 679 4575 petatur:
710 4511 813 4575 neque
838 4489 924 4557 enim
947 4491 999 4558 vel
1022 4513 1061 4558 ea
1083 4491 1118 4554 in
1142 4513 1177 4556 re
1201 4489 1251 4554 vel
1275 4489 1309 4554 iu
1333 4488 1430 4552 corri-
