3258 5102
300 370 366 441 594
501 387 785 441 amuclerouvu
810 385 1109 440 curvaarusuavu
1132 385 1244 440 rarus.

300 535 379 604 Silv.
406 537 463 623 IV,
488 539 522 623 7,
548 537 588 603 14
619 539 675 602 ubi
705 537 780 603 Diu
806 539 870 602 uiso
897 537 1038 620 pallidus
1067 535 1168 616 fossor
1198 535 1454 617 reddendoque

299 645 436 710 ecacolm
453 665 541 723 curo,
564 645 615 708 vel
634 644 828 728 quicumque
847 645 933 708 inter
951 641 1093 707 Graecos
1118 644 1246 722 χλωρὸν
1265 642 1317 708 vel
1335 643 1452 722 ὠχρὸν

300 751 429 831 xperior
444 773 516 817 cum
535 752 668 836 pavoris
682 752 816 817 notione
831 751 1005 834 sociarunt,
1023 750 1267 815 commemorati
1280 747 1451 814 Hemster-

299 857 385 923 husii
413 858 448 923 in
471 857 649 923 Lucienum
675 858 883 924 adnotatione
908 858 972 922 vol.
994 857 1011 921 Ι
1034 880 1064 942 p.
1088 856 1153 922 503
1173 879 1219 942 sq.
1243 875 1340 940 quam
1362 856 1452 921 Bur·
1522 943 1528 949 -

299 987 435 1031 mannus
457 965 624 1030 indicavit.
655 963 748 1030 Vnde
767 968 1020 1030 consentaneum
1043 968 1094 1029 est
1112 967 1170 1028 aut
1188 986 1301 1028 aurum
1320 963 1450 1047 simpli-

299 1073 380 1137 citer
403 1075 461 1137 aut
488 1070 596 1151 ὠχρὸν
620 1072 670 1137 vel
695 1073 824 1151 χλωρὸν
848 1069 1015 1136 Catullum
1044 1091 1171 1155 quoque
1194 1069 1322 1136 dixisse.
1359 1070 1449 1146 Quid

299 1179 425 1244 multa?
457 1178 621 1262 subrepsit
651 1178 812 1243 familiare
844 1177 988 1242 librariis
1021 1177 1214 1241 vocabulum
1245 1177 1279 1241 in
1310 1177 1449 1242 rarioris

299 1287 406 1350 locum
435 1285 519 1368 quod
548 1284 610 1349 fuit
636 1285 799 1350 fulvore.
839 1281 925 1347 Nam
949 1285 983 1346 et
1007 1281 1129 1362 sulcum
1152 1302 1266 1345 aunem
1294 1287 1344 1346 est
1366 1279 1450 1346 Ver-

300 1391 379 1474 gilio
404 1389 484 1456 Aen.
506 1389 585 1474 VII,
608 1392 673 1456 279
698 1396 731 1455 et
753 1390 907 1456 manau
927 1390 1050 1470 futatim
1072 1409 1132 1472 pro
1156 1409 1254 1453 aureo
1277 1384 1357 1453 silio
1372 1387 1449 1472 VII,

300 1497 355 1562 80:
389 1520 452 1583 quo
481 1497 629 1562 adderem
656 1496 869 1562 Prudentium
896 1500 1011 1562 eontra
1038 1493 1158 1580 Symm.
1187 1493 1233 1579 ΙΙ,
1262 1495 1326 1560 837
1358 1496 1449 1578 repta

295 1611 446 1689 caumate
488 1605 648 1688 lamecum
685 1605 776 1685 fulva
811 1603 962 1680 metallo,
987 1603 1051 1667 nisi
1091 1602 1179 1666 hune
1215 1601 1299 1683 fulta
1334 1602 1447 1685 potius

299 1713 466 1797 scripsisse
493 1711 703 1796 persuaderet
730 1708 844 1795 Statii,
872 1709 1010 1792 Avieni,
1041 1707 1210 1774 Claudiani
1233 1709 1448 1792 comparatio,

298 1841 436 1904 quorum
469 1841 581 1883 versus
614 1819 699 1882 inter
732 1840 766 1882 se
798 1817 1033 1881 contenderunt
1064 1814 1247 1880 Gronovius
1275 1813 1380 1879 Diatr.
1412 1816 1450 1881 in

300 1924 381 1989 Stat
409 1945 478 2008 cap.
501 1924 545 1989 55
572 1947 602 2008 p.
625 1923 689 1988 357
710 1947 757 2008 sq.
785 1929 819 1988 et
846 1921 1043 1988 Schraderus
1071 1922 1156 2005 apud
1184 1920 1447 2003 Wernsdorfium

298 2029 389 2095 Poet.
412 2031 468 2095 lat.
487 2031 564 2095 min.
582 2031 645 2095 vol.
664 2029 705 2114 V,
724 2030 745 2094 2
768 2053 798 2114 p.
818 2031 883 2095 976
903 2053 949 2115 sq.
987 2028 1041 2113 At,
1064 2028 1180 2113 inquit,
1200 2028 1303 2109 fulvor
1324 2051 1446 2094 nomen

298 2137 402 2202 lexica
420 2137 582 2222 ignorant.
608 2135 729 2202 Verum
749 2136 834 2200 enim
854 2158 930 2201 vero
950 2139 1093 2201 vetorum
1112 2134 1220 2199 nullus
1240 2136 1447 2220 scriptorum,

298 2247 335 2308 ut
363 2243 491 2327 quidem
519 2265 604 2309 nune
631 2265 683 2308 res
711 2245 774 2327 est,
806 2264 957 2308 maccam
988 2243 1071 2308 dixit
1102 2222 1232 2324 praeter
1258 2240 1446 2326 Pacuvium,

297 2350 405 2414 nullus
432 2352 590 2434 pzprorm
623 2354 753 2435 praeter
783 2347 957 2434 Lucilium,
988 2349 1097 2414 nullus
1128 2367 1284 2431 oeyrorem
1315 2353 1447 2432 praeter

298 2457 498 2543 Lucretium,
525 2459 679 2541 simmam
701 2459 810 2522 nullus
838 2461 968 2542 praeter
994 2457 1054 2521 hos
1076 2459 1143 2520 tres
1167 2458 1200 2519 et
1228 2455 1445 2538 paucissimos

299 2565 395 2630 alios:
419 2563 605 2629 similione
628 2585 713 2628 nune
737 2563 943 2628 ambitiosius
962 2562 1180 2647 anquiramus.
1217 2561 1339 2638 Quodsi
1362 2561 1444 2626 haec

299 2672 418 2736 existat
445 2671 500 2756 qui
528 2693 545 2734 e
574 2672 721 2756 cognatis
750 2670 857 2736 verbis
886 2674 1014 2754 repetat
1040 2691 1158 2735 crecere
1178 2671 1301 2752 piprere
1322 2689 1445 2752 acerem

297 2779 429 2861 aabrm,
460 2782 498 2843 ut
526 2801 543 2842 e
570 2779 670 2844 dolere
695 2799 829 2843 maerere
859 2778 1003 2860 unaue
1030 2781 1146 2858 torpere
1173 2776 1290 2858 pollere
1315 2775 1445 2841 madae

297 2887 393 2950 nitere
423 2885 578 2966 splendere
608 2905 710 2950 umas
736 2885 864 2949 strodere
896 2889 1009 2948 monem
1039 2883 1147 2948 verbis
1185 2903 1224 2946 ea
1255 2903 1337 2966 quae
1365 2885 1445 2946 sunt

296 2991 383 3056 dolor
404 3012 526 3056 masor
549 2992 679 3075 lanquor
702 2995 806 3073 torpor
821 2991 929 3074 pallor
946 2991 1062 3055 candor
1083 2990 1167 3054 aiter
1188 2989 1331 3072 splendor
1352 3010 1445 3054 euenor

296 3099 412 3163 stridor
434 3102 543 3176 ulma,
567 3097 673 3162 simile
692 3101 801 3161 autem
822 3097 939 3178 salvere
955 3097 1090 3161 verbum
1111 3095 1285 3160 desideret:
1309 3117 1443 3180 respon-

297 3205 438 3270 dendum
456 3205 519 3269 erit
536 3227 602 3272 non
621 3205 727 3290 magis
751 3226 789 3268 ex
812 3203 864 3268 his
888 3203 996 3268 verbis
1019 3203 1153 3268 nomina
1176 3224 1274 3286 quam
1298 3225 1315 3266 e
1338 3203 1444 3266 nomi-

296 3310 392 3375 nibus
420 3313 520 3376 verba
550 3310 653 3392 nasci,
686 3309 741 3375 sed
770 3331 787 3374 c
815 3309 977 3374 communi
1006 3309 1107 3392 stirpe
1135 3312 1286 3392 utraque,
1316 3307 1443 3392 reliqua

297 3417 407 3484 omnia
428 3418 513 3483 forte
536 3421 569 3481 et
592 3416 753 3482 arbitratu
783 3417 914 3501 linguae
937 3416 1020 3501 regi:
1047 3437 1107 3481 nec
1135 3413 1240 3499 magis
1267 3434 1444 3478 occurerem

297 3524 447 3590 Lucretio
466 3528 596 3590 auctore
616 3528 801 3608 susceptum
822 3545 842 3587 a
859 3522 1007 3608 Vergilio
1027 3544 1124 3607 quam
1149 3521 1280 3585 laborem
1298 3520 1443 3586 mern

296 3631 417 3696 odorare
444 3631 483 3697 ad
513 3632 646 3697 verbum
675 3631 777 3696 ullum
805 3629 931 3694 referri:
964 3651 1061 3714 porro
1090 3651 1155 3695 non
1183 3625 1356 3712 secundae,
1385 3627 1442 3692 sed

296 3737 347 3803 vel
375 3739 500 3823 primae
523 3738 573 3804 vel
597 3738 713 3802 tertiae
742 3737 966 3802 declinationis
991 3736 1090 3802 verba
1113 3757 1183 3802 esse
1206 3755 1443 3800 emarcescere

294 3847 398 3927 furere
415 3847 564 3928 pluapere
585 3845 750 3910 doleam
769 3844 945 3927 stupescere,
969 3843 1086 3927 quibus
1105 3845 1245 3927 cognata
1263 3842 1331 3906 sint
1351 3861 1442 3908 amor

295 3973 390 4018 canor
431 3973 507 4017 uror
529 3951 664 4035 pauper
690 3951 853 4016 deliraret
876 3949 971 4014 unius
995 3948 1142 4033 exemplo
1165 3947 1308 4014 Lucretii
1331 3949 1440 4033 cogni-

295 4064 366 4124 tum
391 4059 513 4141 frapor:
545 4061 710 4144 postremo
736 4079 803 4122 non
830 4058 937 4123 minus
964 4059 1070 4124 dellcor
1097 4055 1200 4123 videri
1228 4079 1325 4142 quam
1353 4057 1441 4122 albor

297 4166 337 4231 ad
360 4165 558 4249 posteriores
582 4165 757 4250 scriptores
781 4187 798 4229 e
822 4164 1000 4230 vetustiore
1029 4163 1192 4228 latinitate
1215 4185 1363 4229 manasse
1391 4167 1438 4231 u-

295 4273 375 4338 lium
402 4271 580 4339 formarum
608 4270 843 4337 amantissima.
867 4309 907 4317 -
936 4271 1028 4337 Nihil
1055 4270 1158 4356 igitur
1185 4270 1223 4335 de
1252 4266 1439 4334 Catulliano

252 4421 260 4434 ·
296 4401 391 4444 versu
418 4380 483 4444 iam
507 4383 633 4444 restare
660 4379 875 4444 dubitationis
900 4379 1025 4442 videtur
1047 4377 1110 4440 nisi
1138 4380 1176 4442 ut
1203 4376 1243 4442 ab
1270 4375 1365 4440 initio
1388 4397 1439 4440 ra·

295 4485 417 4551 tionem
432 4484 552 4550 habere
565 4491 680 4567 quaeso
699 4485 892 4570 particulam
907 4505 1070 4568 negemus.
1094 4481 1198 4559 Quam
1211 4505 1277 4548 uon
1291 4503 1441 4548 veremur
