3288 5100
535 413 611 462 srva
636 413 882 462 sannonnnvn
906 413 1011 466 nrum.
1089 435 1092 446 ·
1283 395 1345 460 531

204 560 235 620 51
258 557 334 622 11515
357 556 413 620 655
437 577 488 620 555
513 578 673 642 ouvrages
697 557 821 640 d'aprbs
841 555 1005 620 diffe'rents
1025 555 1237 620 manuscrits'
1256 555 1347 620 Paris

206 662 306 750 1856)
330 667 363 728 et
385 662 541 728 Friderici
564 663 736 728 Bitschelii
764 664 802 728 de
827 662 986 728 Varronis
1010 661 1273 752 Hebdomadibus
1297 663 1347 728 vel

203 769 387 855 Imaginum
412 769 505 834 libris
530 769 805 834 commentatione
828 768 988 834 indicibus
1013 769 1197 834 scholarum
1220 769 1255 833 in
1277 769 1347 833 uni·

203 877 358 942 versitate
382 876 548 942 Bonnensi
576 875 798 942 habendarum
828 864 855 940 5.
883 876 966 940 1856
995 880 1028 940 51
1054 877 1137 940 1857
1162 876 1349 960 praemissa,

204 983 294 1048 cuius
323 983 516 1068 epimetrnm
543 984 665 1068 legitur
691 983 727 1048 in
751 983 853 1048 Musei
882 982 1032 1047 Rhenani
1061 1006 1089 1046 5.
1115 983 1197 1047 1851
1226 983 1305 1048 fasc.
1330 985 1345 1046 1

204 1113 233 1174 p.
251 1090 312 1154 153
329 1112 375 1174 rq.
403 1091 473 1154 160.
512 1091 581 1166 Quo
604 1091 717 1155 libello
742 1113 770 1155 v.
790 1091 819 1155 d.
843 1089 949 1154 ordiui
973 1089 1171 1154 restituendo
1195 1089 1349 1174 intentus,

204 1219 267 1281 quo
287 1199 365 1262 olim
380 1196 636 1263 ‘curiosissimus
656 1196 847 1281 disponendi
866 1195 981 1260 artifex
1001 1199 1033 1258 51
1055 1198 1222 1279 tamquam
1247 1195 1349 1260 archi-

204 1304 325 1369 tectus'
355 1303 459 1369 Varro
484 1327 539 1368 eos
568 1305 669 1369 libros
699 1303 916 1387 disposuerat,
946 1325 984 1366 ex
1007 1302 1118 1385 paucis
1143 1301 1349 1387 antiquitatis

205 1411 401 1476 testimoniis
432 1411 554 1496 insigni
587 1433 651 1496 qua
680 1411 782 1495 pollet
812 1409 989 1494 sagacitate
1019 1409 1122 1473 totius
1151 1409 1258 1492 operis
1287 1408 1351 1472 sibi

205 1517 394 1582 informavit
425 1540 496 1582 eam
528 1517 629 1582 fuisse
660 1519 814 1601 speciem,
848 1521 884 1581 51
910 1515 972 1581 XV
996 1516 1153 1580 librorum
1177 1514 1243 1600 (tot
1266 1516 1351 1580 enim

205 1623 319 1708 fuisse,
342 1647 408 1689 non
432 1623 489 1707 Ll,
513 1624 632 1688 codicis
656 1624 883 1688 Atrebatensis
907 1645 927 1686 a
949 1621 1154 1686 SchleIchero
1179 1621 1352 1707 diligenter

207 1729 318 1794 collati
355 1751 529 1812 rursusque
562 1729 602 1792 ab
630 1728 656 1792 1.
688 1729 725 1793 Β.
757 1729 849 1793 Pitra
883 1729 1008 1793 excussi
1041 1728 1229 1792 testimonio
1263 1749 1351 1792 acce·

205 1836 301 1901 dente
325 1836 471 1902 codicum
494 1835 729 1900 Parisiensium
753 1858 912 1905 consensu
936 1835 1047 1920 utique
1071 1833 1263 1899 credendum
1287 1832 1350 1917 551)

205 1943 328 2027 primus
348 1943 548 2027 isagogicam
568 1943 823 2027 disputationem
843 1942 1038 2025 contineret,
1061 1941 1146 2006 unde
1165 1963 1223 2004 sua
1241 1937 1352 2003 hausit

205 2050 244 2114 de
268 2050 451 2133 septenario
475 2071 609 2115 numero
634 2049 758 2114 Gellius
782 2048 844 2135 111,
866 2051 921 2134 10,
944 2049 1072 2134 qualem
1095 2045 1350 2131 Antiquitatium

204 2157 352 2240 partibus
377 2155 482 2221 Varro
515 2161 761 2240 praeposuerat,
794 2156 1052 2241 quattuordecim
1082 2154 1199 2238 reliqui
1228 2152 1350 2238 singuli

205 2269 353 2349 septenas
378 2263 559 2348 imaginum
582 2264 800 2329 hebdomades
825 2265 892 2328 sive
916 2264 959 2327 49
979 2263 1135 2347 imagines
1160 2260 1349 2343 complecte-

204 2375 324 2455 rentur,
347 2391 484 2454 quarum
509 2393 667 2434 summam
691 2371 805 2434 confici
829 2369 902 2434 686.
940 2365 1093 2454 Singulos
1116 2369 1224 2431 autem
1248 2365 1349 2429 libros

205 2476 375 2540 115151555
400 2475 599 2558 distributos,
621 2480 659 2540 51
682 2475 723 2540 56
747 2475 888 2540 Graecos
912 2475 1059 2540 homines
1083 2479 1207 2558 septem
1230 2471 1350 2556 integri

205 2581 252 2664 Il,
275 2581 332 2664 IV,
355 2580 415 2662 VI,
438 2580 534 2664 VIII,
557 2580 600 2663 X,
624 2581 703 2664 XII,
726 2579 804 2646 XIV
827 2585 1025 2666 spectarent,
1058 2603 1138 2666 quos
1163 2578 1350 2646 alternatim

204 2687 342 2752 totidem
365 2686 586 2751 Romanorum
609 2687 672 2771 III,
695 2686 734 2770 V,
758 2686 835 2770 VH,
858 2687 919 2772 IX,
942 2687 1003 2774 XI,
1024 2688 1120 2774 XIII,
1142 2685 1204 2751 XV
1227 2685 1377 2769 excipe-s

205 2799 290 2876 rent,
322 2793 410 2876 ipsas
444 2815 519 2858 vero
552 2792 769 2858 hebdomades
803 2792 978 2858 secundum
1016 2815 1135 2879 genera
1172 2797 1351 2877 poetarum,

205 2901 451 2984 historicorum,
487 2905 653 2966 oratorum
684 2899 725 2964 al.
755 2899 856 2964 fuisse
887 2899 1064 2984 dispositas
1095 2901 1141 2964 ita
1169 2902 1206 2963 51
1234 2898 1268 2962 15
1298 2897 1350 2962 his

206 3027 332 3091 quoque
366 3003 498 3100 Graecis
534 3005 673 3070 Romani
712 3006 818 3090 quoad
855 3006 924 3070 fieri
961 3011 1073 3090 posset
1109 3006 1351 3090 responderent,

205 3116 356 3197 septenas
376 3113 514 3197 denique
532 3113 731 3196 singularum
750 3111 988 3177 hebdomadum
1002 3112 1161 3197 imagines
1176 3111 1349 3177 secundum

205 3223 387 3305 temporum
418 3221 561 3284 rationes
592 3219 692 3284 fnisse
724 3220 931 3304 compositas.
984 3218 1083 3284 (luins
1117 3217 1348 3302 disputationis

205 3349 304 3410 quum
333 3347 436 3409 panca
463 3325 668 3410 antiquitatis
698 3327 886 3390 testimonio
914 3325 1073 3410 nltantur,
1106 3325 1247 3410 plurima
1275 3345 1348 3389 con-

204 3433 328 3496 iectura
351 3432 428 3495 licet
450 3431 614 3514 probabili
637 3437 766 3515 reperta
789 3433 868 3513 sint,
891 3433 962 3497 fieri
985 3455 1049 3499 non
1075 3436 1191 3517 potest,
1215 3432 1292 3516 quin
1316 3435 1350 3494 et

205 3536 418 3601 dissentiendi
438 3538 607 3602 materiam
621 3538 801 3621 praebeant
815 3543 848 3601 et
863 3539 1001 3622 amplius
1017 3539 1192 3624 quaerendi
1206 3538 1349 3603 animum

205 3645 354 3708 excitent.
391 3643 505 3725 115555
524 3641 696 3708 Ritschelii
719 3643 858 3730 libellus,
882 3645 1023 3710 auctoris
1048 3647 1203 3711 beneficio
1226 3645 1266 3710 56
1289 3667 1349 3710 555

205 3751 330 3815 6515155
359 3771 457 3834 quum
486 3747 519 3812 in
549 3771 586 3813 eo
615 3771 771 3835 essemus,
803 3753 840 3815 51
867 3750 941 3816 6515
970 3751 1080 3836 511555
1107 3751 1267 3818 litteraria
1290 3773 1349 3836 pro

205 3877 293 3920 more
317 3855 511 3920 instructum
534 3856 619 3922 hunc
639 3856 822 3922 scholarum
841 3858 980 3936 indicem
1000 3859 1231 3946 amitteremus,
1254 3859 1349 3924 nobis

205 3965 237 4024 et
267 3961 353 4046 grati
384 3961 483 4026 animi
515 3982 592 4047 erga
622 3985 650 4028 v.
680 3963 709 4028 6.
739 3964 935 4029 testificandi
966 3967 1169 4032 occasionem
1199 3967 1287 4032 dedit
1317 3971 1350 4031 51

205 4089 322 4151 operae
345 4071 475 4132 nostrae
489 4067 630 4134 Varroni
654 4069 780 4134 deditae
803 4070 988 4154 proferendi
1011 4075 1186 4158 specimen.
1223 4073 1292 4150 Qua
1316 4074 1350 4138 in

205 4196 239 4238 re
267 4175 314 4238 115
342 4173 556 4256 versabimur,
584 4180 621 4240 51
649 4177 854 4261 antiquitatis
878 4178 1067 4243 memoriam
1095 4201 1159 4263 quo
1183 4179 1349 4243 exiliorem

205 4303 301 4365 snper
331 4281 396 4346 illis
426 4280 518 4345 libris
548 4285 635 4345 nacti
663 4305 774 4347 sumus
803 4306 841 4348 eo
869 4284 1055 4369 religiosius
1084 4289 1242 4371 tutemur,
1274 4309 1349 4352 con·

204 4387 397 4473 iicicndiqne
407 4391 604 4470 potestatem
614 4410 712 4472 quam
723 4389 897 4454 artissimis
908 4391 1027 4455 finibus
1040 4391 1349 4458 circumscribamus.

294 4493 448 4560 Nostram
474 4517 601 4581 quoque
625 4495 879 4580 disputationem
907 4521 973 4563 non
997 4497 1125 4562 aliunde
1148 4498 1211 4562 nisi
1235 4499 1349 4566 eloco

690 4594 697 4603 ’
726 4605 728 4608 ·
1082 4601 1137 4656 ar*
