3274 5114
579 407 585 416 ·
653 409 937 456 connnnsnsrvs.
1303 393 1369 459 255

310 551 389 634 Peg.
417 553 479 626 211.
508 551 618 632 dsqq.
650 553 777 634 positos
805 551 950 617 Volcatii
982 549 1127 616 senarios
1159 551 1242 616 tales
1275 557 1369 617 vetus

223 657 388 724 Parisinus
412 656 570 740 prodidit:
592 657 646 722 sed
660 657 790 738 otAscr
800 657 917 739 populo
934 677 987 721 sec
1009 658 1177 722 comoedias
1198 659 1288 735 dedit,
1311 660 1370 724 cor

223 765 294 830 biae
311 765 346 830 ic
359 765 474 830 Asiam
490 763 570 844 fecit.
598 784 710 828 narrem
727 769 764 828 ct
780 764 871 829 secret
892 764 1072 848 conscendit,
1093 765 1369 846 :cisoamcnquom

221 877 271 938 cst.
315 873 360 936 sic
386 872 455 936 cito
480 876 581 936 :ccccl
627 869 770 946 Quorum
797 891 949 935 versuum
976 870 1083 952 primo
1112 870 1175 936 soli
1198 871 1288 936 casui
1311 871 1369 936 tri-

221 978 384 1043 buendum
408 981 459 1042 est
482 977 569 1062 quod
593 977 650 1040 ille
673 977 802 1042 inverso
822 976 933 1041 ordine
951 977 1121 1042 comoedias
1138 978 1221 1044 decc
1237 978 1370 1043 exhibet

220 1107 279 1168 pro
311 1105 349 1150 eo
382 1083 467 1170 quod
500 1085 598 1150 ceteri
631 1084 708 1150 libri
738 1103 849 1148 omnes
879 1075 1050 1147 servarunt
1077 1083 1160 1148 ccccc
1192 1085 1369 1150 conmerlics·

221 1190 313 1268 Quod
341 1213 414 1256 eum
442 1213 521 1274 prae
549 1191 619 1287 illo·
634 1190 765 1274 sprevit
786 1188 926 1254 Rothius
954 1210 985 1272 p.
1012 1188 1088 1272 184,
1110 1210 1186 1253 non
1209 1189 1369 1273 cogitavit

221 1301 360 1362 veterem
379 1289 476 1382 atque
495 1298 665 1382 antiquum
683 1301 814 1380 poetam
832 1295 960 1361 nullum
978 1299 1048 1359 tam
1066 1295 1228 1360 elumbem
1247 1296 1369 1360 exitum

220 1403 395 1469 iambicum
416 1405 630 1490 probaturum
653 1403 767 1488 fuisse,
792 1425 887 1488 quem
910 1408 979 1468 tarn
1002 1403 1096 1468 facile
1120 1387 1224 1468 vitare
1248 1407 1369 1486 posset.

221 1510 393 1575 Praeterea
421 1511 475 1576 vix
504 1510 639 1595 dignum
663 1511 841 1594 mentione,
871 1510 906 1574 in
928 1509 1089 1574 Vrbinate
1114 1509 1222 1574 codice
1246 1512 1280 1574 st
1303 1509 1369 1572 edi·

220 1617 309 1681 tione
339 1615 486 1700 principe
514 1617 684 1699 transponi
711 1635 764 1682 sec
785 1617 914 1698 popolo,
945 1617 982 1681 in
1011 1617 1083 1682 sola
1105 1615 1252 1700 principe
1275 1615 1371 1678 mcccc

222 1727 358 1788 exstare.
396 1720 520 1788 Contra
542 1723 612 1788 fieri
635 1727 745 1806 potest
768 1727 805 1788 ut
828 1724 869 1788 ab
892 1723 989 1788 initio
1009 1745 1120 1788 sersus
1144 1727 1202 1787 aut
1215 1721 1278 1788 sec
1288 1721 1370 1802 Afer

216 1829 331 1912 populo
353 1834 389 1892 :ct
410 1849 463 1894 sec
485 1829 514 1892 d.
536 1849 560 1894 c.
584 1832 655 1908 aut,
679 1827 764 1912 quod
788 1828 887 1894 ctiam
910 1829 1037 1914 gratius
1061 1829 1099 1894 ad
1125 1850 1219 1894 aures
1243 1825 1369 1910 accidit,

221 1935 283 2001 Sec
303 1936 419 2018 populo
449 1940 484 2000 ut
505 1935 586 2016 Aser
612 1955 664 2001 sca
691 1937 721 2000 d.
748 1956 772 2000 c.
800 1934 925 2000 dederit
952 1940 1064 2020 poeta:
1098 1957 1235 2021 quorum
1258 1939 1368 2023 tamen

221 2046 371 2108 neutrum
393 2042 623 2107 necessitatem
646 2042 766 2108 habere
790 2041 1027 2108 concedendum
1051 2048 1110 2108 ast.

307 2149 424 2214 Altero
438 2170 534 2215 versu
548 2153 586 2214 ut
599 2148 707 2214 hiatus
722 2149 903 2234 tolleretur,
925 2154 1055 2234 praeter
1069 2153 1173 2214 artem
1188 2154 1367 2240 correctum

222 2260 272 2320 est
289 2275 402 2321 ccccm
424 2276 495 2321 com
516 2256 614 2334 secel,
638 2255 723 2340 quod
746 2278 858 2322 rursus
882 2277 955 2321 cum
973 2255 1134 2322 Vrbinatc
1157 2256 1242 2320 libro
1266 2255 1366 2320 editio

219 2362 368 2446 princeps
401 2363 587 2446 participat.
641 2358 746 2428 Multo
779 2363 883 2428 lenius
914 2363 987 2442 fecit
1017 2367 1046 2426 ct
1072 2381 1185 2427 ccccm
1213 2367 1250 2426 ct
1277 2360 1368 2425 sanct
1403 2399 1407 2407 .

219 2465 360 2533 Rothins
378 2469 590 2554 proponebat,
606 2467 668 2532 aed
687 2467 874 2553 refragante
893 2469 1068 2552 latinitate,
1092 2467 1227 2554 quaein
1246 2468 1367 2532 talibus

220 2597 285 2640 non
308 2577 434 2660 patitur
456 2581 485 2641 et
506 2576 711 2662 particulam,
734 2575 790 2642 sed
813 2581 916 2640 cotem
938 2575 1095 2660 postulat.
1136 2575 1219 2652 Quid
1242 2573 1367 2640 multa?

152 2727 156 2734 -
220 2683 359 2748 finitimo
381 2703 494 2748 aarum
517 2683 675 2748 vocabulo
699 2683 890 2767 absorptum
914 2686 964 2747 est
986 2687 1102 2762 actem,
1131 2684 1177 2748 sic
1207 2687 1243 2746 ut
1269 2685 1367 2766 poeta

220 2788 401 2872 scripserit:
432 2811 545 2856 accon
571 2795 675 2856 ortem
702 2795 739 2855 ot
763 2790 864 2855 seruet.
908 2787 978 2854 Nec
1005 2790 1092 2854 enirn
1119 2792 1206 2854 recte
1229 2788 1264 2852 in
1286 2787 1367 2870 ipsis

220 2898 256 2958 ul
286 2895 407 2960 litteris
439 2897 590 2962 mutilam
627 2901 729 2962 cotem
761 2895 954 2980 particulam
992 2916 1129 2980 quaeres
1166 2893 1367 2977 salutemque

220 3005 373 3085 corrupto
396 3003 504 3068 versui
523 3003 608 3068 hanc
622 3003 880 3069 comminiscere:
904 3022 1017 3067 narrem
1029 3007 1134 3066 colem
1147 3000 1244 3067 mmcl
1260 2999 1271 3083 ΙΙ
1289 2998 1366 3064 Gon·

219 3108 335 3172 scccdc't
356 3107 388 3173 h.
411 3129 438 3172 e.
462 3107 574 3175 ‘simul
597 3108 721 3196 atque'.
766 3109 841 3175 Etsi
871 3109 957 3173 onim
980 3108 1120 3193 pristina
1141 3107 1239 3174 scncl
1261 3107 1367 3172 forma

220 3214 370 3297 quotiens
393 3235 461 3280 non
483 3215 652 3283 intellecta
673 3216 816 3282 librariis
840 3217 875 3281 in
897 3215 990 3282 semel
1012 3214 1195 3298 transierit,
1222 3214 1303 3280 satis
1328 3235 1366 3277 ea

222 3321 369 3405 exempla
392 3321 509 3387 docent
532 3343 613 3406 quae
636 3321 895 3407 Prolcgomenon
919 3320 1143 3386 Plautinorum
1167 3343 1197 3405 p.
1212 3337 1310 3400 xcvn
1320 3343 1368 3406 sq.

130 3501 133 3506 ¹
220 3428 402 3512 composui,
434 3431 544 3493 tamen
567 3428 629 3494 hoc
652 3428 724 3493 loco
749 3451 820 3494 eam
843 3429 897 3492 vix
920 3427 1045 3511 patitur
1069 3428 1245 3511 sententia,
1277 3448 1368 3512 quae,

220 3555 292 3598 enm
320 3535 509 3620 insequatur
536 3535 624 3600 ccccm
649 3539 864 3618 sumptumst,
894 3555 961 3599 non
984 3531 1097 3598 ‘simul
1121 3531 1234 3617 etque'
1257 3534 1367 3618 potius

221 3661 318 3724 quam
347 3639 554 3727 ‘postquam’
582 3641 749 3706 notionem
777 3640 932 3724 postulat
961 3677 1003 3688 —
1032 3639 1183 3706 Ceterum
1211 3640 1366 3724 quoniam

219 3743 504 3814 necessarla'sane
527 3771 593 3816 non
617 3752 667 3814 est
689 3749 740 3814 vel
762 3753 865 3813 atatem
893 3749 944 3814 vel
968 3748 1036 3813 ulla
1058 3747 1236 3832 particula,
1267 3747 1366 3812 etiam
1380 3765 1419 3805 ars

221 3855 461 3938 transponendo
486 3856 594 3921 sanari
617 3877 747 3920 versum
770 3877 866 3940 possa
884 3855 1102 3921 Buechelerus
1126 3853 1265 3918 monuit:
1284 3853 1366 3934 'fecit

220 4061 343 4116 triclinio
361 4061 420 4118 Gal.
440 4068 483 4118 36.
502 4062 585 4133 Vcsp.
606 4071 631 4133 o,
648 4065 801 4134 aponoculo
820 4061 878 4119 Cal.
898 4070 941 4134 56,
959 4065 1064 4121 decutro
1083 4063 1179 4122 Claud.
1197 4071 1236 4122 13.
1257 4063 1314 4118 Vit.
1335 4071 1365 4118 4:

219 4148 288 4203 item
306 4151 431 4205 accedere
448 4151 551 4206 theatro
571 4151 636 4206 Ner.
647 4158 691 4222 23,
710 4153 834 4208 excedere
850 4153 975 4210 cacano
993 4155 1072 4212 Dom.
1086 4160 1126 4208 lc.
1154 4153 1274 4208 Accedit
1286 4170 1365 4223 proo-

219 4239 321 4308 positio
345 4239 407 4294 Tib.
428 4245 461 4294 Π
486 4257 499 4294 c
522 4241 652 4294 conuiuio
676 4243 826 4310 corrediens,
854 4241 921 4310 quia
944 4242 1103 4298 convivium
1126 4258 1182 4296 non
1205 4241 1291 4296 habet
1310 4241 1364 4295 loci

219 4327 452 4398 significationem
480 4311 635 4398 propriam,
663 4346 719 4398 qua
742 4346 839 4384 caussa
862 4329 947 4384 etiarn
971 4331 1004 4385 dc
1026 4333 1159 4398 potestate
1178 4331 1270 4398 patris
1292 4331 1367 4383 asise

219 4415 326 4471 dictum
347 4419 391 4472 est
408 4419 465 4474 vit.
481 4425 505 4473 6.
539 4416 656 4472 Diversa
673 4417 781 4473 ratione
800 4419 860 4488 regi
879 4421 997 4489 apparet
1015 4417 1089 4487 quod
1107 4419 1150 4472 est
1169 4418 1265 4474 Claud.
1281 4425 1314 4474 2³
1333 4425 1365 4474 at

168 4580 170 4584 Ι
219 4507 295 4561 altro
313 4507 433 4576 lapidem
453 4509 563 4564 tertium
581 4511 685 4562 mearet
703 4509 794 4576 eorcds'
812 4509 847 4563 ab
865 4509 939 4562 arte.
