3288 5100
320 391 384 454 554
431 397 436 416 ¹
642 411 757 456 nnana
780 397 924 460 vuano's
949 412 1125 460 rusomvu

318 550 468 633 primum,
491 551 629 615 alterum
649 551 689 616 ad
713 552 849 637 litteras,
873 555 912 620 ad
932 559 1019 619 artes
1043 553 1296 640 disciplinasque
1319 558 1464 623 tertium.

318 655 417 720 Cuius
435 657 481 720 rei
500 656 583 721 hano
602 680 673 724 esse
693 660 757 724 vim
778 662 925 725 volumus
945 667 990 742 ut,
1017 663 1044 726 si
1068 667 1184 746 quarto
1204 664 1239 728 in
1257 665 1327 728 loco
1348 665 1464 730 classis

318 763 463 826 miscella
491 763 662 846 habeatur,
692 766 744 830 his
772 771 927 850 quattuor
953 767 1100 850 partibus
1129 769 1225 833 simul
1253 771 1464 856 intellegatur

317 871 477 953 quomodo
507 870 705 952 ςἐπιτομῆς
729 895 770 936 ex
802 874 1010 957 imaginum
1039 873 1155 938 libris
1179 875 1240 940 XV
1264 876 1357 941 libri
1379 876 1464 942 1111’

317 975 555 1060 responderint,
588 1000 724 1061 quornm
752 980 941 1043 memoriam
974 981 1100 1046 codices
1133 983 1196 1046 duo
1229 983 1367 1047 Parisini
1395 1007 1462 1049 ser·

317 1086 435 1146 verunt
468 1105 487 1146 a
519 1081 717 1168 Chappnisio
749 1107 852 1169 nuper
888 1088 1044 1171 excerpti:
1082 1093 1118 1152 ut
1154 1089 1193 1152 de
1229 1089 1291 1154 boc
1326 1113 1462 1156 numero

316 1193 509 1265 evanescant
541 1213 619 1273 quas
651 1189 756 1255 Musei
788 1191 901 1275 philol.
933 1191 996 1256 XII
1028 1215 1058 1276 p.
1091 1195 1152 1257 153
1185 1198 1218 1258 et
1253 1197 1315 1259 160
1348 1199 1462 1281 [snpra

317 1317 347 1376 p.
371 1294 448 1375 529]
474 1295 693 1362 dubitationes
718 1297 981 1382 significavimus.

407 1401 451 1466 Et
473 1401 552 1467 haec
576 1387 703 1487 quidem
727 1405 904 1489 generatim
929 1407 1094 1490 disputata
1117 1412 1222 1484 sunto.
1260 1407 1378 1486 Quodsi
1407 1410 1460 1474 his

283 1525 304 1564 x
319 1509 477 1592 quaedam
501 1509 676 1574 subicimus
700 1509 740 1575 ad
769 1511 889 1576 classes
913 1512 1058 1598 singulas
1082 1515 1275 1597 spectantia,
1303 1537 1368 1580 uon
1397 1515 1461 1581 hoc

316 1636 353 1677 eo
376 1613 511 1682 facimus
536 1617 628 1700 quasi
652 1617 707 1701 qni
726 1618 766 1682 ad
789 1617 904 1682 harum
923 1619 1065 1684 rationes
1090 1620 1210 1684 finitius
1234 1621 1459 1686 describendas

314 1721 452 1786 multum
476 1723 588 1806 profici
611 1745 706 1808 posse
729 1724 763 1788 in
786 1728 879 1790 tanta
905 1725 1164 1791 testimoniorum
1192 1727 1327 1810 penuria
1350 1729 1459 1812 opine

314 1849 400 1910 mur,
428 1828 484 1892 sed
507 1833 544 1894 ut
567 1852 586 1893 a
610 1829 867 1897 dubitationibus
891 1832 999 1916 potius
1023 1831 1230 1916 quibusdam,
1258 1857 1336 1917 quas
1359 1819 1478 1900 facile·

315 1934 475 2019 quispiam
494 1935 582 1999 illinc
602 1935 742 2001 oriturae
761 1941 863 2019 putet,
885 1938 1087 2022 propositam
1107 1937 1298 2021 disponendi
1317 1943 1457 2024 speciem

314 2040 532 2106 defendamus.
569 2041 682 2126 Itaque
714 2043 823 2128 regiae
854 2048 950 2127 atque
984 2044 1116 2108 bellicae
1146 2045 1260 2108 virtuti
1294 2045 1459 2112 destinata

314 2147 437 2230 prima
464 2147 575 2212 classis
608 2169 706 2232 quam
733 2148 886 2214 habuerit
913 2150 946 2212 in
974 2150 1139 2234 isagogioo
1169 2151 1252 2215 libro
1279 2152 1457 2234 praelixam

314 2252 470 2320 Graecam
500 2255 690 2341 imaginem,
716 2256 873 2321 nescitur:
901 2254 1081 2322 Romanam
1110 2256 1226 2320 habuit
1250 2256 1458 2324 hauddubie

313 2359 466 2426 Aeneae
498 2384 669 2446 personam
697 2364 739 2427 ab
767 2362 889 2428 Ioanne
916 2363 1006 2446 Lydo
1034 2363 1072 2428 de
1101 2384 1185 2448 meg.
1209 2363 1238 2445 I,
1261 2365 1305 2430 30
1335 2364 1456 2430 eVar·

313 2469 401 2532 ronis
431 2468 551 2533 Εἰκόειν
584 2473 883 2552 commemoratum,
916 2492 1012 2554 quam
1045 2492 1064 2533 a
1092 2469 1289 2536 Graecorum
1320 2471 1456 2538 heroum

313 2575 467 2639 societate
482 2579 686 2660 segregatam
702 2576 803 2640 fuisse
817 2575 997 2641 Merclrlino
1013 2598 1139 2660 quoqne
1154 2577 1208 2660 pl
1221 2577 1313 2658 [535]
1326 2599 1455 2660 persua

314 2681 422 2745 simus.
460 2678 520 2744 Oui
547 2681 581 2745 in
604 2680 727 2748 Graeca
755 2681 955 2748 hebdomade
982 2682 1148 2767 isagogica
1175 2683 1296 2766 potuit,
1325 2688 1455 2748 tantum

312 2791 349 2852 ut
372 2788 519 2871 exemplo
543 2791 686 2871 utamur,
714 2789 765 2854 vel
788 2789 976 2854 Phoroneus
1005 2789 1055 2852 vel
1080 2787 1234 2854 Deucalio
1262 2790 1456 2873 respondere

314 2899 350 2958 ut
386 2894 562 2974 προπάτωρ
599 2895 707 2979 gentis
744 2900 777 2959 ct
813 2895 1003 2974 ἀρχηγέτης,
1040 2896 1090 2958 vel
1127 2894 1266 2959 fortasse
1303 2893 1455 2979 Cecrops.

313 3001 467 3086 Reliquas
492 3005 599 3065 autem
623 3001 743 3066 classes
767 3024 877 3066 omnes
901 3023 974 3066 cnm
997 3001 1103 3066 Varro
1132 3005 1243 3084 posset
1268 3023 1326 3084 per
1348 3002 1456 3086 capita

313 3109 462 3192 persequi
485 3129 523 3172 ex
546 3107 619 3190 ipsa
642 3127 795 3191 generum
821 3107 1005 3171 diversitate
1030 3113 1119 3191 apta,
1143 3107 1266 3190 primae
1289 3109 1397 3172 tamen
1421 3111 1455 3172 et

313 3214 500 3279 secundae
519 3213 633 3278 classis
653 3214 789 3278 materia
807 3215 860 3277 vix
879 3217 950 3278 erat
967 3213 1065 3278 simili
1087 3213 1306 3278 distributioni
1330 3214 1454 3296 idonea,

311 3320 363 3384 hic
391 3325 428 3384 ut
455 3319 603 3385 videatur
629 3341 646 3382 e
674 3323 856 3402 temporum
884 3320 1089 3402 potissimum
1117 3320 1227 3384 ordine
1254 3319 1454 3404 pependisse,

312 3425 553 3510 simulantem,
581 3431 618 3490 ut
645 3432 695 3490 est
722 3431 986 3510 consentaneum,
1014 3449 1069 3491 eas
1097 3431 1258 3492 certorum
1286 3426 1453 3492 hominnm

311 3533 529 3598 hebdomadas
558 3555 701 3598 servasse
734 3556 814 3618 quas
843 3533 893 3598 vel
926 3534 1005 3598 fides
1032 3534 1206 3598 memoriae
1234 3534 1284 3598 vel
1313 3555 1453 3598 commu-

310 3639 360 3704 nis
389 3640 500 3723 opinio
529 3643 563 3704 et
589 3641 755 3706 tralaticia
782 3643 979 3707 consuetudo
1007 3641 1130 3724 pridem
1160 3640 1335 3704 sanxisset:
1365 3640 1454 3704 velut

311 3747 345 3810 in
367 3747 466 3812 tertio
489 3748 573 3812 libro
597 3753 721 3832 septem
745 3769 857 3833 regum
881 3749 1110 3830 Romanorum,
1134 3747 1168 3812 in
1192 3749 1307 3831 quarto
1331 3749 1453 3830 septem

311 3853 493 3937 sapientum
522 3853 726 3919 Graecorum.
769 3854 891 3929 Quodsi
918 3854 973 3938 qui
1001 3853 1033 3918 in
1061 3853 1182 3936 duplici
1210 3873 1325 3937 genere
1353 3851 1453 3917 excel·

310 3961 426 4043 lerent,
463 3965 499 4024 ut
531 3959 639 4024 Numa
670 3960 850 4044 Pompilius
883 3960 932 4024 vel
965 3959 1109 4024 Pittacus
1142 3981 1215 4022 cum
1248 3958 1315 4024 suis
1348 3958 1453 4042 sociis,

310 4067 449 4132 liberum
482 4067 626 4150 profecto
655 4071 726 4131 erat
753 4065 906 4149 Varroni,
939 4065 1003 4130 utri
1032 4064 1129 4130 classi
1162 4065 1303 4130 tribuere
1332 4065 1452 4130 mallet.

310 4173 348 4238 Id
371 4179 478 4238 autem
503 4173 558 4238 ubi
582 4173 622 4238 ad
645 4173 865 4238 Romanorum
888 4171 1094 4255 potissimum
1117 4172 1286 4237 hominnm
1308 4171 1451 4236 rationes

310 4280 524 4362 transtuleris,
547 4281 714 4344 commode
731 4278 933 4363 perspexeris
953 4278 1006 4362 qui
1026 4281 1137 4342 tantae
1156 4279 1289 4342 fortium
1308 4279 1451 4344 virorum

311 4383 510 4450 multitudini
534 4387 717 4470 capiendae,
740 4389 864 4469 quanta
886 4407 943 4469 per
967 4389 1091 4467 septem
1110 4383 1353 4470 saeculorum*)
1376 4405 1449 4448 con-

311 4495 356 4502 *
375 4497 581 4596 viriacum
609 4523 703 4595 inepte
731 4523 869 4595 quispiam
896 4521 1100 4594 proficiscatur,
1128 4525 1161 4578 ut
1187 4539 1202 4578 e
1226 4521 1343 4593 singulis
1364 4521 1452 4577 terme
