3274 5114
637 443 723 492 VITA
746 439 923 489 cunnum.
950 433 954 440 '

279 581 365 648 Nam
389 585 474 668 quod
497 585 552 650 isti
576 585 686 651 dicunt
709 584 872 666 mannuli,
894 582 1041 650 homines
1064 583 1190 647 nobiles

278 689 374 756 Hunc
397 691 544 756 adiutore
567 690 757 775 assidueque
780 713 846 754 unc
869 689 1020 772 scribere,

280 795 373 873 Quod
395 797 444 862 illi
467 798 676 863 maledictum
699 796 872 862 uehemens
896 817 966 860 esse
990 795 1201 860 existumant:

279 902 360 966 Eum
384 903 510 968 laudem
531 905 586 969 hic
610 905 698 970 ducit
721 925 914 986 maxumum,
938 923 1035 987 quom
1058 903 1125 966 illis
1149 902 1256 986 placet

279 1007 341 1084 Qui
364 1009 458 1075 uobis
481 1011 646 1077 uniuersis
670 1016 704 1076 et
726 1011 845 1096 populo
868 1010 1007 1094 placent,

280 1115 421 1192 Quorum
445 1138 544 1201 opero
566 1119 600 1182 in
623 1118 720 1202 bello,
742 1117 777 1181 in
801 1117 878 1200 otio,
901 1116 935 1180 in
958 1115 1090 1201 negotio

279 1219 343 1286 Suo
367 1223 502 1308 quisque
524 1229 670 1308 tempore
692 1227 787 1288 usust
810 1223 880 1287 sinc
903 1221 1064 1306 superbia.

212 1327 341 1392 uidetur
373 1334 480 1394 autem
510 1331 614 1394 leuius
643 1351 676 1394 se
704 1329 897 1406 defendisse,
930 1328 1005 1414 quis
1033 1327 1158 1392 sciebat
1184 1327 1297 1395 Laelio
1325 1335 1358 1394 ei

213 1430 357 1517 Scipioni
380 1457 447 1500 nou
465 1437 629 1522 ingratam
648 1457 718 1500 esse
736 1435 821 1500 hunc
839 1433 1033 1518 opinionem.
1063 1437 1234 1516 quactum
1253 1437 1358 1520 magis

173 1555 200 1596 ιο
213 1542 246 1602 et
268 1561 370 1625 usque
394 1541 434 1606 cd
458 1542 639 1626 posteriore
662 1545 809 1624 tempora
832 1539 944 1604 uoluit.
986 1535 1020 1603 G.
1039 1537 1210 1604 Memmius
1234 1541 1268 1606 in
1287 1564 1357 1608 ora-

212 1645 299 1710 tione
331 1669 390 1730 pro
423 1670 458 1713 se
491 1647 541 1713 ‘P.
574 1645 764 1712 Africanus’
797 1645 903 1730 inquii
936 1643 973 1708 ‘c
999 1643 1152 1708 Terentio
1185 1667 1357 1730 personam

212 1756 392 1838 mutuatus,
414 1777 496 1839 quae
520 1755 607 1820 domi
631 1754 754 1818 luserat
775 1753 859 1838 ipse,
888 1751 1018 1817 nomine
1041 1749 1127 1815 illius
1150 1750 1185 1814 in
1209 1757 1357 1819 scae'nem
1371 1771 1397 1810 ³1

212 1858 350 1924 detulit’.
395 1859 505 1944 Nepos
535 1863 666 1926 auctore
696 1863 785 1925 certo
808 1858 1004 1943 comperisse
1028 1879 1062 1921 se
1085 1858 1132 1921 ait
1155 1855 1189 1922 Ο.
1213 1856 1357 1925 Laelium

213 2057 299 2175 ditari
318 2104 348 2158 F
431 2103 523 2160 conat*
542 2105 577 2172 (h.
597 2121 617 2160 e.
638 2105 764 2172 conotus)
783 2103 818 2157 A.
838 2103 954 2158 conetur
972 2103 1052 2157 ceteri
1137 2104 1209 2158 etG
1294 2110 1390 2174 pro-¹

212 2193 329 2264 logo]v
357 2199 393 2248 15
467 2194 569 2264 lquid
588 2194 623 2248 B.
642 2210 692 2250 om.
713 2192 742 2247 D
813 2189 869 2260 ipsi
887 2191 1007 2246 ABDG.
1034 2191 1118 2262 ipio
1170 2192 1303 2248 meleuoli
1321 2195 1356 2247 A.

213 2282 343 2338 malevoli
367 2284 394 2351 (e
417 2283 476 2338 ead.
499 2299 571 2336 naon.
591 2298 661 2338 corr.
680 2281 711 2335 iu
729 2280 750 2349 i)
769 2279 806 2333 F.
824 2278 952 2334 muliuoli
971 2282 1051 2334 ceteri
1139 2287 1155 2335 2
1175 2281 1268 2352 Hunc]
1287 2283 1358 2336 Eum

213 2373 277 2426 iibri
298 2373 458 2426 Terentium
537 2371 648 2426 assidue
666 2369 766 2425 uncG
852 2369 1038 2423 3uehcmeuc
1057 2385 1117 2423 ecee
1135 2369 1172 2423 F.
1191 2385 1261 2424 nene
1280 2387 1358 2424 mens

213 2461 282 2533 (epd.
301 2477 375 2516 noun.
395 2477 464 2514 corr.
483 2461 515 2514 in
533 2461 693 2528 uehemens)
708 2476 767 2514 esse
783 2460 819 2512 A.
838 2459 1018 2514 uehementer
1030 2457 1119 2512 BGD.
1139 2458 1290 2514 uehemens
1303 2459 1360 2512 ΕΖ
1384 2495 1386 2500 -

283 2548 446 2604 existiment
468 2549 535 2604 libri
646 2547 763 2619 4Eam]
783 2546 894 2602 EsscG
984 2545 1107 2602 duxicG
1207 2545 1357 2601 maximum

213 2655 279 2710 libri
398 2655 494 2726 quom]
518 2673 580 2710 cum
599 2655 665 2711 Ald.
688 2657 712 2724 (e
732 2653 877 2722 Termtio).
916 2651 960 2718 Qd
978 2653 1013 2706 A.
1041 2635 1080 2722 qd
1097 2653 1132 2708 B.
1160 2653 1206 2723 qd'
1226 2654 1262 2709 D.
1283 2675 1303 2730 q
1321 2654 1351 2710 F

871 2743 879 2782 1

213 2799 287 2866 quod
305 2799 385 2852 ceteri
502 2797 613 2867 plsoeei
630 2795 714 2850 EGZ
821 2795 894 2865 oqd
912 2795 948 2850 A.
967 2811 986 2864 q
1005 2795 1040 2862 (h.
1059 2811 1080 2850 e.
1100 2795 1159 2864 qni)
1178 2795 1208 2848 F
1277 2798 1358 2851 uobis

214 2955 262 2994 mn.
281 2938 417 2993 eonor.
495 2937 602 2992 unicus
621 2885 813 2992 elidimus
831 2938 890 2993 eac.
909 2953 943 2992 m.
963 2936 997 2991 o.
1017 2935 1153 2991 uniuersis
1172 2938 1252 2992 cum·
1329 2941 1359 2994 u

214 3043 263 3082 om.
282 3027 363 3082 BGD
416 3027 528 3097 placetis
546 3025 616 3094 D(?)
680 3031 696 3080 6
716 3042 829 3095 opernm
849 3027 875 3080 G
948 3025 1008 3082 ocio
1026 3025 1056 3080 in
1074 3025 1192 3094 negocio
1211 3025 1356 3081 GDEFG.

213 3115 279 3170 otio.
297 3115 423 3185 inegotio
441 3115 468 3168 B
542 3113 640 3184 ceno]
655 3114 677 3168 Χ
695 3113 721 3167 G
793 3130 917 3183 quosque
937 3118 963 3168 A
1044 3119 1171 3183 tempore
1188 3132 1255 3170 usus
1274 3118 1318 3170 eet
1336 3119 1360 3184 (e

216 3203 351 3272 Terentio)
370 3203 435 3276 EZ.
461 3221 527 3258 usus
546 3205 589 3256 est
606 3205 734 3274 tempope
752 3201 788 3258 F.
816 3221 882 3258 usus
900 3205 944 3258 eet
961 3203 1042 3258 ceteri
1120 3206 1250 3258 eanum
1269 3203 1358 3258 leuius

213 3309 242 3346 se
259 3291 433 3347 Riuoueuue.
457 3292 551 3346 autem
576 3289 676 3346 uem
700 3293 794 3346 autem
815 3291 849 3344 A.
878 3293 973 3346 auum
992 3307 1021 3345 u
1040 3290 1130 3346 leuius
1148 3292 1229 3346 Bon
1247 3298 1284 3359 et,
1302 3294 1359 3348 noe

213 3381 284 3448 quod
303 3397 332 3434 sc
351 3381 397 3436 leu
415 3382 447 3434 in
465 3395 534 3445 rau,
553 3378 590 3446 F,
607 3379 670 3432 item
689 3379 753 3434 Ald.
773 3380 868 3434 cutem
887 3395 916 3434 se
935 3377 1025 3434 lenius
1046 3380 1077 3435 Z.
1097 3381 1192 3434 cutem
1210 3379 1301 3436 lenius
1321 3381 1357 3434 Ε.

214 3470 307 3522 sutem
330 3467 419 3522 leuius
438 3467 464 3521 G
535 3467 631 3522 Laelio
655 3469 685 3522 ct
703 3466 828 3536 Scipioni
847 3467 889 3533 E,
918 3467 973 3523 Vei.
998 3485 1032 3522 ex
1054 3468 1151 3524 lceliio
1174 3485 1208 3523 ex
1227 3468 1358 3538 scipionis

214 3555 249 3610 A.
268 3557 301 3609 ut
317 3554 376 3609 lolii
396 3557 425 3609 et
442 3553 574 3624 scipionis
592 3553 681 3608 BGD.
701 3557 730 3608 ei
748 3553 825 3610 laelii
844 3557 874 3610 ct
889 3555 1022 3625 scipionis
1036 3555 1072 3612 F.
1091 3574 1110 3627 p
1130 3557 1191 3611 lelii
1209 3559 1238 3612 ct
1251 3557 1357 3628 Scipio·

215 3641 256 3696 uis
274 3642 308 3696 G.
327 3645 356 3698 et
374 3641 515 3698 Leliorum
534 3641 659 3711 Scipioni
673 3641 705 3697 Z.
725 3643 755 3696 et
766 3641 862 3697 Lcolio
881 3645 910 3697 et
924 3643 1048 3714 Scipioni
1062 3644 1254 3702 Fleckes'eeuus
1298 3653 1314 3701 9
1328 3647 1357 3701 in

213 3729 293 3800 grain
310 3732 346 3786 B.
383 3732 504 3802 igrotum
523 3731 549 3786 G
617 3747 671 3800 que
691 3731 752 3786 AZ.
772 3732 820 3800 qui
839 3731 865 3786 G
932 3735 993 3786 tum
1011 3733 1190 3788 Riuuuzius:
1208 3734 1281 3802 quod
1296 3739 1358 3803 pose

213 3826 347 3888 repertum
365 3825 404 3876 est
421 3821 453 3874 iu
472 3819 505 3875 G.
524 3821 620 3875 tomen
638 3821 718 3874 ceteri
804 3827 836 3875 10
854 3819 997 3890 superiore
1016 3821 1067 3876 01)
1162 3820 1191 3879 O.
1213 3821 1358 3876 Memmius

214 3905 373 3964 Ellendtius
394 3909 499 3978 Prolep.
519 3909 550 3962 in
570 3908 624 3964 θέο.
644 3909 727 3964 Brut.
746 3925 774 3978 p.
785 3908 866 3962 LXI
882 3909 922 3964 ed.
939 3925 984 3979 pr.
1004 3910 1033 3973 C,
1056 3909 1173 3966 memius
1191 3912 1226 3966 A.
1251 3910 1282 3977 Q.
1301 3929 1357 3966 mc-

213 3996 285 4050 mim
303 3995 392 4052 BGD.
412 3995 444 4061 Q.
463 3995 610 4052 memmius
628 3996 741 4051 EFGZ
811 4004 841 4052 11
862 4015 892 4054 sc
911 3999 945 4053 A.
964 4015 994 4054 sc
1012 3999 1054 4054 ait
1072 4001 1152 4054 ceteri
1210 3999 1358 4054 affricanus

217 4083 268 4138 GD
345 4085 438 4156 inquit
456 4104 473 4141 a
490 4086 657 4140 Riteohelius
675 4103 735 4141 oum
756 4085 903 4156 senopem.
932 4088 999 4156 quic
1016 4088 1052 4143 A.
1072 4087 1102 4157 qi
1120 4087 1156 4145 B.
1176 4088 1225 4158 qui
1244 4105 1261 4142 c
1279 4090 1359 4143 ceteri

288 4189 435 4244 personum
454 4191 504 4230 om.
523 4173 554 4228 Ε
643 4181 675 4229 12
695 4193 748 4244 quc
769 4176 795 4230 Z
883 4175 959 4232 domi
977 4178 1088 4232 luxerat
1104 4176 1193 4232 1301).
1230 4176 1358 4232 demulus

214 4263 275 4316 crat
292 4263 328 4317 A.
348 4263 442 4318 domui
460 4263 566 4318 luserat
578 4263 696 4319 Rodios
767 4263 894 4320 iuecncm
909 4267 945 4320 A.
964 4265 993 4320 in
1012 4281 1125 4334 soencm
1139 4265 1176 4318 Ε.
1195 4263 1224 4318 in
1243 4281 1358 4320 coenem

213 4348 267 4406 Fu.
293 4349 322 4404 in
340 4367 470 4406 secenum
489 4351 543 4406 Fb.
569 4351 598 4406 in
617 4369 727 4408 socncm
747 4355 827 4408 ceteri
918 4359 949 4408 13
968 4371 986 4408 n
1004 4352 1163 4408 neorccerio
1182 4351 1216 4406 G.
1244 4368 1356 4408 oreore

212 4439 307 4506 (neore
322 4439 356 4508 G)
374 4439 449 4496 corio
464 4439 522 4497 01).
542 4457 560 4494 c
576 4457 655 4496 reore
674 4441 809 4497 cer..rio
826 4458 887 4497 cum
905 4443 1025 4498 ducrum
1039 4443 1192 4497 litterarum
1205 4457 1307 4496 rasum
1319 4442 1356 4497 B.

213 4531 326 4583 auctore
345 4529 418 4584 oeric
438 4530 476 4598 (io
494 4531 527 4584 iu
544 4544 645 4583 rasura
663 4530 710 4585 ult.
729 4532 814 4599 mon.)
828 4529 859 4584 F
899 4528 930 4596 Q.
945 4531 993 4586 Fa
1011 4529 1032 4586 C
1047 4530 1093 4585 Fb
1139 4529 1236 4586 lelium
1249 4530 1359 4586 BGDZ

265 4635 307 4673 cn.
322 4637 471 4674 uiuscuucu
486 4635 619 4673 oevecvuu
637 4637 679 4674 111.
1109 4623 1143 4673 14
