3294 5104
283 377 349 441 292
694 395 741 443 66
765 397 1019 446 unanimous

280 533 389 587 caua’
409 533 499 601 Guelf.
519 541 585 592 1.2
697 541 731 590 66
750 536 896 607 iam].iam
914 553 1028 606 peream
1046 553 1120 592 6666
1137 535 1228 590 Boecl.
1340 553 1425 591 nuum

281 623 346 677 ΑΕ.
366 624 455 678 ullum
469 622 588 690 BODF,
614 624 650 679 ‘et
662 630 760 680 veteres
772 627 862 680 riustri
876 631 901 681 el
914 627 999 680 multo
1009 625 1119 694 plarea'
1140 625 1241 690 116616,
1255 625 1322 695 lep.
1332 625 1426 692 Lino„

280 713 393 780 quidum
417 712 509 778 West„
533 713 661 768 1166661
782 717 848 784 post
869 715 922 769 bec
947 714 978 768 Ε
1097 720 1131 769 66
1159 731 1196 768 66
1220 715 1287 785 666]
1314 715 1351 769 ab
1371 716 1427 770 riou

283 799 386 854 Pale
512 803 610 870 repeto
628 803 663 857 A.
692 805 808 872 repeton
826 801 951 857 BDEF.
983 804 1118 873 reppeton
1138 801 1167 858 0.
1202 805 1319 872 repeton
1337 803 1439 872 filium

280 887 362 943 Bodl.
387 889 469 942 West.
587 895 620 944 5‘1
649 893 760 961 aegrest
778 893 813 946 A.
848 909 931 962 segre
954 894 998 947 est
1019 893 1077 947 rell.
1186 909 1231 946 em
1249 894 1286 947 A.
1314 893 1379 948 bem
1398 893 1429 946 E

280 982 306 1030 et
323 993 390 1047 mrp.
410 979 447 1032 D.
475 978 531 1033 ium
552 979 615 1034 Pal.
630 986 657 1036 2.
673 985 699 1046 4,
717 981 832 1047 Boend„
851 981 980 1049 (1661ιῖ2.
1009 998 1059 1036 cm.
1079 980 1169 1047 ODF,
1187 983 1285 1037 Graec.
1304 983 1387 1037 Bodl.
1402 987 1428 1036 et

281 1067 321 1122 ed.
339 1072 389 1120 oet.
414 1067 505 1134 Weet„
525 1068 615 1136 Guelf.
635 1073 653 1123 3
760 1077 794 1125 68
813 1069 857 1125 dis
875 1069 942 1125 ΑΕ.
969 1069 1023 1125 diir
1041 1071 1099 1125 rell.
1208 1071 1313 1142 gratia]
1332 1072 1426 1142 gratia

281 1155 411 1212 habenda
428 1158 541 1226 paidom
560 1158 643 1213 West.
734 1163 769 1214 69
788 1161 818 1214 66
835 1159 889 1214 iste
908 1159 999 1228 Groels.
1018 1165 1039 1216 2
1128 1159 1192 1230 iate]
1211 1160 1272 1230 ipae
1291 1161 1321 1214 Ε

281 1278 474 1348 ipseaesentiet
492 1282 519 1336 A
640 1281 796 1338 6666166Ε
913 1289 948 1338 66
970 1253 1065 1354 granis
1085 1284 1114 1338 0.
1143 1284 1257 1354 grauius
1275 1285 1425 1356 quicquam

281 1367 318 1435 Ε,
337 1369 429 1438 Guets.
449 1375 473 1425 1.
492 1376 523 1438 2,
541 1372 655 1440 quidam
680 1371 760 1426 Weet.
880 1379 912 1426 61
932 1371 973 1426 611
991 1372 1029 1428 D.
1056 1371 1127 1426 nihil
1146 1373 1203 1426 rell.
1311 1375 1382 1431 baec
1396 1375 1426 1430 D

280 1475 315 1512 m.
334 1475 384 1513 rec.
404 1460 437 1513 16
453 1475 520 1530 mro.
553 1460 655 1515 1166Ε
788 1477 842 1529 que
860 1460 891 1514 Ε
973 1515 977 1525 ,
1024 1467 1057 1516 62
1086 1461 1157 1516 nibil
1174 1465 1272 1530 matri,
1290 1462 1321 1516 F

281 1547 410 1602 molestia
428 1547 458 1602 D
564 1549 613 1604 aed
630 1551 726 1615 666661,
746 1550 777 1602 Ε
882 1556 915 1605 63
935 1567 1017 1621 egere
1036 1551 1067 1604 Ε
1172 1551 1295 1606 1666616.
1323 1551 1427 1607 166666

280 1638 336 1692 rell.
454 1643 489 1692 64
516 1639 590 1706 quod
609 1639 644 1693 A.
682 1656 745 1694 cum
768 1639 826 1692 rell.
846 1644 871 1693 et
887 1656 939 1694 ree.
958 1657 992 1695 m.
1011 1656 1071 1708 sup.
1091 1655 1141 1695 scr.
1161 1641 1189 1694 A
1323 1641 1422 1710 placeo

282 1725 405 1794 ‘optimi'
431 1727 513 1784 Weat.
528 1727 618 1796 praes.
636 1744 665 1796 p.
685 1727 769 1780 IIII
875 1727 1008 1783 uduoraor
1025 1727 1091 1783 ΑΕ.
1119 1727 1253 1784 aduersor
1270 1731 1327 1785 rell.

279 1883 399 1938 augeam
417 1868 488 1922 666
508 1869 565 1924 lus
584 1869 647 1925 Par.
666 1875 686 1925 a
809 1877 842 1924 66
861 1869 918 1924 sam
937 1869 1048 1925 asinar
1067 1869 1157 1938 caess.
1173 1876 1192 1925 2
1314 1819 1426 1926 1111111

280 1955 394 2011 coeti
485 1956 628 2012 necandis
647 1957 677 2010 E
780 1965 812 2012 67
832 1959 959 2014 66661666
978 1960 1008 2012 Ε
1110 1966 1144 2014 68
1163 1959 1244 2015 66616
1261 1977 1322 2030 sap.
1336 1962 1427 2016 6660

386 2081 474 2136 666
493 2081 584 2150 (666.
604 2089 619 2136 1
747 2089 778 2136 6
799 2063 935 2138 cestha
952 2085 990 2140 D.
1010 2084 1127 2138 reseca
1143 2082 1226 2138 666
1338 2084 1424 2155 uelle]

338 2185 362 2212 ..

280 2183 393 2296 6666ζῖ
405 2225 433 2282 c.
461 2226 536 2281 uella
555 2243 585 2282 se
604 2225 695 2294 euers.
714 2231 740 2280 1.
759 2231 778 2282 a
901 2233 934 2281 6
954 2227 1105 2282 defensae
1124 2227 1242 2282 6666.
1272 2227 1425 2282 cassusne

279 2315 344 2372 ΒΕ.
373 2315 542 2370 deferbuisse
563 2316 625 2371 Pul.
646 2319 672 2380 4,
690 2315 803 2384 quidum
828 2315 908 2369 ll'est.
937 2314 1105 2370 del'crnuisae
1125 2315 1215 2382 Guels.
1227 2323 1255 2372 2.
1284 2316 1425 2370 desereire

281 2405 343 2461 Pal.
364 2410 388 2460 3.
426 2405 583 2460 decessisse
603 2404 682 2460 ‘clii'
709 2405 790 2460 West
898 2405 1119 2460 adolescentiam
1139 2405 1174 2460 F.
1203 2405 1424 2460 adolescenciam

280 2493 310 2546 Ε
408 2501 441 2550 73
460 2494 631 2566 gaudebam]
651 2493 797 2548 credebam
818 2493 911 2550 Para
1014 2495 1109 2550 antem
1128 2511 1162 2549 m.
1181 2511 1230 2550 seo.
1245 2494 1327 2549 Bodl.
1343 2493 1424 2550 Weet.
1496 2534 1505 2552 1

386 2581 452 2653 nisi]
471 2582 502 2636 61
523 2583 585 2638 Pal.
600 2589 626 2639 3.
654 2583 703 2638 sed
724 2583 787 2638 Pol.
802 2588 828 2649 4,
847 2581 973 2651 (166162
1083 2589 1117 2637 ‘ll
1136 2583 1254 2652 aputA.
1279 2583 1353 2652 apud
1366 2583 1425 2637 rell.

386 2671 505 2726 serumst
522 2672 558 2726 A.
587 2671 678 2726 torum
698 2674 815 2729 estred.

368 2761 474 2830 Viden
497 2761 657 2829 Faeruum
682 2787 778 2849 quani
801 2771 887 2830 recte
912 2787 1043 2830 suorum
1066 2765 1222 2846 librorum
1247 2763 1424 2847 scripturas

280 2869 314 2933 in
329 2868 472 2936 Terentii
496 2871 671 2936 editionem
695 2877 751 2937 666
773 2873 932 2956 recepisse
956 2861 1014 2937 aut
1036 2870 1246 2935 annotatione
1264 2869 1424 2934 indicasse

280 2975 425 3042 Ritterus
454 2977 553 3061 praef.
578 2977 677 3043 Andr.
700 2979 809 3043 dicat?
855 2979 940 3043 Nam
967 2983 1003 3042 ut
1026 2977 1138 3062 paucis
1162 2976 1425 3060 complectamur,

280 3088 410 3166 praeter
437 3105 537 3148 uuum
560 3083 737 3150 Halensem
764 3069 950 3149 nullnsduni
973 3083 1117 3148 Terentii
1144 3082 1226 3146 liber
1254 3105 1312 3148 ms.
1335 3083 1382 3147 166
1405 3105 1425 3148 6

280 3209 442 3274 quoquam
460 3193 511 3254 est
528 3191 675 3275 collatus,
698 3195 736 3256 ut
753 3194 875 3256 certum
895 3195 928 3256 66
946 3191 1087 3275 plenum,
1110 3189 1213 3273 pauci,
1236 3193 1272 3254 ut
1291 3187 1423 3274 aliquod

280 3295 319 3360 de
342 3319 453 3362 eorum
476 3297 583 3363 indole
607 3297 760 3362 iudicium
785 3298 854 3362 fieri
873 3299 986 3382 possit
1018 3295 1149 3380 Insigne
1168 3296 1263 3360 istius
1281 3295 1423 3360 incuriae
1491 3369 1499 3382 Ι

280 3401 507 3468 documentum
540 3426 565 3468 e.
594 3427 620 3468 e.
652 3403 714 3468 hoc
747 3408 867 3486 exstat,
900 3403 986 3489 quod
1018 3405 1102 3468 terni
1131 3401 1376 3486 Guelferbytani
1404 3424 1424 3464 a

281 3509 401 3577 Bothio
430 3516 463 3574 66
485 3509 614 3576 Perleto
643 3510 792 3595 usurpati
819 3510 960 3576 iidemne
988 3533 1029 3576 66
1055 3532 1121 3576 666
1149 3511 1228 3594 6166,
1260 3531 1299 3572 ex
1322 3509 1424 3573 allata

281 3617 410 3702 quidem
434 3618 613 3702 scripturae
636 3617 854 3701 discrepantia
876 3619 965 3683 66116
990 3618 1085 3684 modo
1109 3621 1259 3700 apparet:
1286 3637 1359 3680 cum
1382 3636 1424 3678 na

279 3725 358 3790 illud
392 3724 534 3809 quidem,
567 3747 640 3789 curn
673 3725 790 3809 quibus
823 3724 979 3807 exemplis
1014 3723 1181 3806 impressis
1216 3721 1423 3804 contulerint,

278 3835 434 3896 testatum
457 3832 642 3896 habeamus.
678 3831 723 3894 Et
745 3835 856 3894 tamen
878 3831 952 3913 plus
975 3829 1128 3912 prodesse
1152 3849 1233 3892 unns
1253 3827 1423 3892 mediocris

280 3937 365 4002 solet
392 3936 565 4021 diligenter
593 3957 745 4001 excussus
769 3946 874 4019 quam·
889 3935 1003 4001 leviter
1026 3939 1059 3999 et
1081 3935 1262 4018 promiscue
1285 3933 1423 4016 inspecti

279 4043 356 4108 boni
379 4042 498 4107 decern.
535 4041 648 4126 Itaque
671 4041 755 4106 nihil
778 4044 888 4125 potest
910 4040 1091 4124 imperitius
1116 4061 1195 4124 esse,
1217 4061 1313 4124 quam
1337 4037 1422 4122 quod

279 4149 413 4233 quisque
437 4169 568 4214 sucrum
593 4147 800 4232 potissimum
824 4147 979 4231 ecdicum,
1002 4169 1081 4231 quos
1104 4169 1170 4212 666
1193 4145 1276 4212 ratic
1299 4143 1424 4209 dederit

240 4273 267 4311 ιο
280 4255 335 4318 sed
359 4255 426 4318 fors
449 4255 613 4334 obiecerit,
636 4253 872 4338 praestantiam
895 4257 1009 4336 iactet,
1032 4254 1165 4319 minime
1188 4253 1328 4334 reliquos
1352 4271 1422 4333 per-

280 4365 458 4444 scrutatum
490 4359 571 4425 nihil
599 4360 704 4444 magis
729 4357 898 4424 ridiculum
922 4381 1018 4444 quam
1042 4359 1128 4444 quod
1151 4358 1245 4422 istius
1269 4357 1420 4420 nimirum

266 4468 498 4549 praesumas
522 4467 649 4532 landem
672 4487 710 4529 eo
734 4463 801 4528 lere
824 4467 998 4548 probatum
1022 4471 1109 4548 eunt,
1133 4469 1169 4530 ut
1190 4484 1278 4546 saepe
1300 4483 1422 4528 666666·
