3288 5100
297 362 363 428 534
630 381 745 428 osana
769 363 914 429 vaano’s
939 380 1114 428 inaernvu

298 524 429 590 stantia.
476 522 599 590 Deinde
627 523 766 588 alterum
789 522 886 588 Gellii
917 524 1099 608 exemplum
1127 525 1258 606 praesto
1287 527 1351 606 est,
1380 546 1449 608 quo

297 653 370 696 eum
398 631 499 697 libros
523 630 746 695 Varronianos
774 652 839 694 non
868 632 989 695 omissa
1022 629 1243 714 disputatione
1276 631 1448 716 isagogica

297 738 430 802 solitum
454 759 524 801 esse
547 729 716 801 numerare
741 739 957 801 confirmatur.
995 737 1086 802 Libri
1110 737 1264 800 nimirum
1287 735 1317 800 X
1337 738 1448 821 capite

299 845 340 910 15
364 848 384 925 ξ
408 845 450 908 32
478 843 558 907 baec
580 842 694 908 habes:
723 843 849 908 ‘Verba
871 842 914 907 M.
938 842 1093 908 Varronis
1118 845 1308 910 exsecando
1336 863 1447 908 rerum

297 951 478 1014 divinarum
507 971 603 1032 super
631 949 761 1014 flamine
790 947 879 1014 Diali
907 948 986 1014 haec
1015 953 1105 1014 sunt:
1143 949 1175 1015 Is
1204 951 1309 1015 solum
1333 950 1449 1014 album

296 1057 397 1120 habet
425 1056 583 1140 galerum,
616 1056 667 1120 vel
695 1055 780 1140 quod
808 1055 968 1120 maximus
998 1055 1049 1120 vel
1072 1055 1157 1138 quod
1180 1055 1251 1120 Iovi
1275 1057 1449 1122 immolata

297 1164 407 1228 hostia
439 1163 515 1227 alba
549 1163 581 1226 id
613 1163 684 1227 fieri
717 1162 889 1246 oporteat’
934 1163 985 1227 Ea
1011 1185 1181 1246 perperam
1210 1163 1447 1230 Ambroscbius

296 1269 457 1357 (Studien
476 1293 506 1354 p.
530 1270 572 1334 49
607 1274 715 1334 annot.
739 1271 797 1356 45)
831 1293 869 1334 ex
897 1292 1008 1335 eorum
1037 1269 1193 1334 librorum
1222 1271 1361 1336 seeundo
1390 1273 1447 1356 qui

297 1377 336 1442 de
360 1375 580 1440 sacerdotibus
605 1376 719 1460 scripti
742 1381 849 1460 erant,
872 1377 891 1440 i.
916 1398 941 1442 e.
966 1399 1004 1440 ex
1027 1375 1139 1460 tertio,
1162 1397 1258 1460 quem
1281 1377 1319 1442 de
1344 1399 1446 1462 augu-

297 1482 387 1546 ribus
410 1481 510 1546 fuisse
530 1483 731 1567 Augustinus
755 1484 864 1567 prodit
889 1483 941 1570 (de
963 1484 1021 1548 aiv.
1041 1483 1092 1546 dei
1111 1482 1167 1566 VI,
1181 1481 1228 1568 3),
1252 1485 1447 1550 autumavit.

297 1588 360 1654 Sed
395 1611 492 1674 quum
520 1588 722 1673 Marquardti
754 1612 856 1674 nuper
888 1591 1049 1656 industria
1080 1592 1160 1655 satis
1193 1591 1366 1674 probatum
1401 1593 1447 1656 sit

296 1695 394 1782 (Hdb.
419 1695 448 1760 d.
471 1701 551 1760 r'om.
577 1695 641 1760 Alt.
670 1695 728 1760 Bd.
751 1695 810 1761 IV.
824 1721 853 1781 p.
880 1698 951 1762 168.
978 1699 1039 1763 187
1061 1694 1121 1782 sq.)
1154 1697 1339 1761 flaminibus
1368 1697 1447 1761 inti-

297 1825 383 1867 mam
413 1803 540 1888 quidem
570 1825 642 1866 cum
670 1803 879 1886 pontificibus
910 1805 1181 1868 necessitudinem
1215 1802 1448 1888 intercessisse,

296 1909 420 1973 nullam
445 1931 520 1972 vero
544 1931 616 1972 cum
641 1909 832 1993 auguribus,
863 1910 943 1974 mibi
971 1911 1099 1996 quidem
1129 1911 1274 1995 persuasi
1303 1908 1447 1974 Gellium

297 2016 472 2081 secundum
496 2015 653 2081 Varronis
684 2017 801 2080 librum
830 2039 902 2081 eum
932 2017 1052 2102 dicere,
1076 2019 1130 2102 qui
1155 2017 1375 2082 adamussim
1399 2039 1448 2081 se-

297 2122 418 2187 cundus
442 2120 505 2184 fuit
523 2143 589 2186 non
609 2123 727 2196 omisso
747 2123 923 2207 isagogio0,
947 2123 1064 2207 quique
1084 2121 1123 2186 de
1141 2123 1351 2206 pontificibus
1372 2144 1447 2208 age-

297 2231 355 2294 bat
378 2233 461 2293 teste
476 2227 670 2312 Augustino.
706 2227 873 2292 Habemus
897 2248 975 2313 ergo
991 2227 1132 2292 Gellium
1157 2229 1220 2292 sibi
1244 2233 1447 2294 constantem

297 2336 331 2400 in
354 2333 560 2400 numerandis
584 2332 676 2397 libris
691 2332 915 2416 VarronianiS,
938 2332 1021 2397 uude
1040 2333 1149 2416 priore
1169 2333 1242 2398 loco
1261 2323 1446 2400 necessario

298 2443 445 2524 efficitur,
468 2463 502 2506 re
528 2463 602 2505 vera
625 2441 730 2524 primo
752 2439 990 2505 hebdomadum
1012 2439 1097 2503 libro
1122 2439 1142 2502 i.
1167 2461 1192 2502 e.
1216 2439 1382 2524 isagogico
1407 2441 1447 2507 de

272 2549 433 2614 ⁷Homeri
463 2550 569 2612 aetate
592 2547 775 2612 Varronem
798 2546 981 2631 disputasse
1005 2551 1038 2609 et
1060 2546 1196 2630 imagini
1221 2545 1355 2611 Homeri
1379 2549 1447 2631 epi·

299 2676 446 2741 gramma
469 2651 701 2738 apposuisse.*)
738 2653 877 2718 Retento
901 2654 1003 2737 igitur
1026 2652 1122 2716 simul
1142 2651 1242 2716 Plinii
1262 2653 1447 2738 septingen-

298 2767 404 2827 tarum
424 2760 604 2846 imaginum
623 2781 756 2824 numero
776 2759 865 2823 vides
885 2781 943 2824 nos
964 2781 1029 2823 non
1047 2763 1169 2824 temere
1189 2759 1229 2823 ad
1248 2780 1318 2823 eam
1338 2761 1447 2843 operis

298 2868 495 2934 Varroniani
528 2866 668 2951 speciem
706 2865 963 2949 amplectendam
996 2865 1082 2949 duci,
1119 2887 1216 2950 quam
1249 2865 1447 2932 Ritsobelius

298 2980 465 3060 tamquam
494 2973 583 3038 omni
610 2971 851 3056 probabilitatis
880 2972 1155 3037 commendatione
1186 2970 1373 3036 destitutam
1398 2995 1447 3038 re·

298 3083 428 3164 iecerat,
451 3084 487 3145 ut
511 3079 676 3164 ‘septenas
700 3078 918 3144 hebdomadas
943 3078 1064 3164 singuli
1083 3078 1160 3143 libri
1180 3079 1447 3164 quattuordecim,

299 3189 379 3253 duas
403 3189 472 3272 ipse
496 3187 620 3271 primus
644 3203 717 3250 cum
741 3185 1018 3268 disputationibus
1043 3183 1220 3270 isagogicis
1243 3186 1446 3270 conglutina-

300 3300 351 3360 tas
382 3289 687 3377 complecterentur’
712 3313 835 3376 nosque
865 3291 1101 3376 quadamtenus
1129 3291 1235 3356 facere
1265 3314 1337 3356 cum
1361 3313 1444 3358 com·

300 3399 508 3486 putatoribus
542 3399 607 3463 illis
639 3397 821 3463 Ritscbelio
855 3397 1072 3462 familiaribus
1104 3397 1273 3482 Plinioque
1305 3399 1447 3482 patroci-

301 3507 453 3573 nantibus
487 3504 584 3592 (Mus.
607 3505 708 3570 Rben.
732 3527 762 3588 p.
789 3503 880 3590 154),
913 3505 968 3588 qui
1001 3504 1153 3588 quoniam
1186 3505 1446 3588 quattuordecim

301 3615 459 3700 imagines
492 3634 636 3678 summae
673 3611 911 3696 [titschelianae
940 3609 1033 3696 (686)
1066 3611 1177 3675 deesse
1211 3610 1381 3695 sentirent,
1412 3611 1445 3676 id

300 3723 408 3806 ipsum
432 3742 496 3786 non
519 3719 690 3786 fortuitum
715 3719 792 3801 rati,
821 3718 959 3802 singulis
983 3717 1242 3802 quattuordecim
1265 3717 1359 3782 libris
1383 3718 1447 3782 sin-

302 3829 397 3913 gulos
421 3829 584 3912 principes
608 3827 675 3890 sive
699 3825 930 3911 antesignanos
954 3825 986 3888 in
1011 3824 1118 3888 fronte
1142 3823 1340 3888 extrinsecus
1359 3845 1448 3908 prae-

303 3935 429 4018 positos
449 3934 691 4015 contenderunt,
710 3953 735 3994 e.
751 3953 776 3996 c.
791 3931 978 4013 Homerum,
998 3929 1241 4014 Hippocratem,
1261 3951 1325 4014 quo
1343 3929 1448 3996 iustus

303 4039 582 4124 septingentarum
611 4037 791 4122 imaginum
820 4036 908 4101 orbis
933 4036 1123 4120 expleretur.
1170 4035 1314 4113 Quorum
1337 4036 1450 4101 volun·

392 4213 418 4282 *)
441 4213 537 4268 Manet
559 4211 740 4267 nibilominus
763 4211 917 4265 obscuritas
940 4211 1079 4280 quaedam
1103 4211 1132 4265 in
1152 4211 1237 4266 Gellii
1260 4210 1334 4278 loco,
1361 4228 1450 4280 quum

303 4303 421 4371 inrapiat
439 4301 553 4356 Homeri
577 4301 751 4370 epigramma
773 4298 933 4368 appositum
957 4298 1046 4368 dieat,
1070 4317 1126 4370 quo
1149 4303 1244 4354 tamen
1268 4316 1323 4354 non
1344 4297 1449 4369 imago,

303 4390 352 4444 aed
371 4389 482 4458 capella
499 4389 602 4444 tumuli
620 4387 729 4458 insigna
748 4389 992 4454 commemoretur,
1017 4403 1101 4456 quam
1125 4403 1184 4442 ram
1208 4386 1305 4458 attigit
1322 4385 1449 4442 Elatarns

303 4475 333 4532 in
351 4477 442 4532 labnii
460 4477 560 4532 Annal
581 4477 677 4546 Suppl.
698 4476 762 4530 xlx
780 4493 807 4546 p.
827 4481 870 4530 tl.
