3274 5114
298 397 363 463 224
687 413 725 459 m
748 412 859 460 vman
883 413 1050 460 rannnru

296 557 449 622 Berensis
474 555 602 621 dccehw
629 555 735 620 bellica
759 556 879 638 pracda
904 555 963 635 fai.
1008 553 1103 618 Vnde
1131 575 1258 618 rursum
1287 553 1357 619 vita
1384 553 1443 618 Pe-

296 668 423 728 trareae
455 661 603 746 profecta
634 682 656 725 a
689 661 843 726 Βωηαωίε
873 660 1000 726 duduc
1028 665 1152 742 capham
1182 659 1270 725 dicit.
1320 658 1445 725 Contra

297 767 458 853 Sehopeni
482 769 687 834 coniecturae
709 769 818 833 favere
841 767 911 832 vita
933 765 1077 832 Sicconis
1100 766 1274 832 Polentoni
1298 765 1444 851 (Parerg.

298 875 402 940 Plaut.
417 897 447 959 p.
458 873 538 960 635)
556 875 728 958 videretur,
751 874 786 937 in
805 896 869 958 qua
887 878 938 938 est
954 894 1032 954 pucr
1049 879 1156 956 eaptus
1174 875 1249 938 hello
1267 879 1296 938 el
1308 874 1444 938 Romam

244 1000 284 1040 ⁴8⁹
298 983 420 1065 deciate,
447 980 511 1046 nisi
534 982 593 1046 illa
616 1003 655 1046 ex
678 982 749 1066 ipso
772 980 927 1046 Petrarea
950 979 1047 1044 ducta
1070 985 1164 1045 esset
1188 1017 1229 1026 ——
1259 978 1444 1064 Speciosior

299 1093 408 1154 autem
432 1109 527 1171 quam
547 1089 652 1152 verior
670 1088 812 1152 eiusdem
831 1087 944 1152 Rothii
963 1085 1142 1169 disputatio
1160 1085 1242 1150 haee
1261 1091 1324 1150 est:
1348 1085 1445 1151 ‘Erat

300 1195 386 1260 dann
413 1195 493 1260 wird
521 1196 575 1260 eiu
598 1194 782 1280 Vorsehlag
808 1195 1021 1280 befriedigen,
1054 1216 1149 1258 wenn
1176 1193 1320 1258 dadurch
1344 1192 1443 1258 Kene-

300 1304 420 1368 stella's
452 1301 726 1388 Argumentation
762 1301 871 1365 klarer
901 1300 996 1383 wird3
1033 1299 1095 1364 wie
1128 1299 1179 1363 die
1211 1298 1327 1364 Worte
1361 1299 1444 1382 jetzt

299 1411 420 1494 lauten,
443 1410 510 1474 will
534 1431 569 1474 er
592 1429 697 1494 gagen
719 1409 771 1473 die
794 1407 1188 1492 Kriegsgefangensehaft
1211 1406 1266 1470 des
1289 1405 1442 1472 Dichters

300 1517 465 1601 sprechen,
488 1515 658 1600 widerlegt
681 1515 760 1608 aher
782 1515 897 1579 dassen
920 1513 1134 1579 africanische
1157 1512 1345 1579 Herlrunft'
1386 1512 1443 1577 Ni·

300 1624 418 1689 mirum
441 1623 487 1688 sia
511 1628 647 1706 apparet
669 1621 825 1687 Rothium
848 1621 1050 1687 ratiocinari:
1082 1621 1110 1686 si
1132 1643 1192 1686 nec
1216 1621 1303 1686 bello
1327 1626 1442 1704 captus

300 1731 345 1795 sit
371 1753 391 1795 a
418 1729 589 1812 Romanis,
620 1750 679 1792 neo
707 1728 935 1794 commercium
962 1729 1049 1792 inter
1075 1727 1207 1793 Italiam
1235 1733 1269 1793 et
1297 1727 1444 1792 Africam

302 1841 377 1902 ante
399 1837 538 1901 delatam
561 1833 798 1920 Karthaginem
820 1835 922 1900 ullum
946 1834 1057 1918 fuerit,
1084 1855 1147 1898 non
1177 1835 1323 1918 potuisse
1350 1835 1444 1898 illum

302 1944 435 2008 omnino
458 1941 661 2026 Karthagine
684 1941 822 2006 Romam
845 1943 913 2006 ullo
937 1941 1032 2006 modo
1055 1941 1230 2025 pervenire.
1262 1939 1384 2006 Verum
1403 1961 1445 2005 ne

302 2048 389 2112 inter
411 2048 517 2130 ipsam
540 2046 777 2132 Karthaginem
801 2048 931 2132 quidem
954 2054 987 2113 et
1010 2048 1140 2112 Italiam
1163 2048 1266 2112 ullum
1289 2069 1444 2112 commer-

302 2154 388 2218 cium
414 2153 638 2219 intereessisse
667 2154 739 2239 quis
766 2154 819 2220 vel
847 2156 1021 2221 contendat
1048 2155 1099 2220 vel
1128 2155 1277 2220 contendi
1301 2177 1321 2219 a
1344 2155 1444 2220 Fene·

302 2259 400 2325 stella
427 2260 490 2325 sibi
518 2259 734 2344 persuadeat?
785 2259 886 2337 Quem
915 2259 1157 2345 apertissimum
1186 2263 1237 2323 est
1265 2258 1304 2323 de
1331 2259 1445 2326 Numi-

301 2366 413 2431 darum
429 2365 712 2452 Gaetulorumque,
735 2389 801 2433 non
824 2366 862 2430 de
877 2365 1201 2451 Karthaginiensium
1225 2385 1298 2429 cum
1321 2363 1445 2430 Italicis

301 2473 493 2539 commercio
530 2473 684 2558 cogitare.
739 2473 778 2538 In
815 2495 912 2558 quam
949 2477 1076 2557 partem
1112 2471 1212 2536 verba
1233 2469 1446 2536 ·Suetoniana

301 2579 442 2645 Rothius
465 2579 555 2644 nullo
578 2580 711 2666 negotio
735 2581 782 2646 sie
800 2581 908 2665 potuit
926 2579 1094 2646 deflectere
1113 2583 1150 2643 ut
1169 2578 1325 2661 scriptum
1344 2578 1445 2642 fuisse

302 2687 382 2751 aar
410 2683 539 2752 Italicos
567 2691 595 2751 ct
625 2688 761 2768 [amos]
790 2687 888 2768 Afros
919 2686 1096 2752 coniceret:
1139 2685 1188 2748 ita
1220 2685 1306 2749 enim
1338 2685 1445 2751 omnir

302 2791 503 2861 Fenestellae
532 2792 739 2858 ratiocinatio
768 2793 863 2858 firma
890 2797 923 2858 et
950 2791 1122 2876 perspicua
1149 2795 1183 2855 at
1206 2790 1269 2856 sibi
1292 2796 1446 2856 constans

302 2899 419 2981 prodit.
456 2896 518 2964 Sed
541 2921 583 2964 ne
606 2899 668 2964 hoc
691 2899 820 2984 quidem
843 2899 1037 2965 adminiculo
1061 2919 1141 2982 opus
1166 2901 1229 2962 est:
1251 2917 1329 2962 nam
1348 2899 1447 2979 Afros

302 3025 375 3069 eum
398 3005 478 3070 dicit
492 3005 675 3090 Suetonius,
696 3027 763 3072 non
786 3007 868 3071 alios
890 3006 955 3070 nisi
979 3010 1104 3070 eeteros
1127 3009 1255 3087 praeter
1269 3002 1447 3088 Karthagi-

302 3110 431 3175 nienses
461 3113 598 3196 populos
631 3113 765 3198 cogitat.
811 3112 1004 3177 Plenissime
1035 3112 1082 3176 ita
1112 3110 1223 3176 Livius
1253 3127 1378 3193 xxvin,
1401 3111 1447 3174 44

303 3215 574 3300 ‘Karthapinieeaei
595 3219 678 3284 nihil
701 3218 808 3284 ciuilis
831 3218 957 3283 roboris
980 3222 1043 3284 est:
1067 3217 1213 3283 mercede
1236 3222 1367 3312 paratos
1387 3216 1445 3280 mi·

303 3323 379 3388 lites
401 3323 526 3390 hahent
547 3325 646 3406 Afros
668 3323 912 3406 Namadaspee':
936 3323 1133 3410 eandemque
1157 3325 1190 3388 in
1214 3327 1340 3407 partem
1363 3322 1445 3386 eius·

303 3429 377 3494 dem
398 3431 478 3496 haee
500 3432 612 3496 valent
634 3449 734 3515 xxm,
757 3431 777 3496 3
807 3430 968 3496 ‘mercede
991 3431 1099 3515 parari
1123 3430 1243 3495 auxilia
1266 3451 1305 3495 ex
1327 3427 1446 3511 Afris',

304 3559 329 3602 e.
351 3537 373 3600 4
402 3535 459 3602 ‘ad
486 3537 693 3602 conducenda
715 3537 868 3618 Afrorum
897 3536 1048 3604 auxilia':
1085 3558 1166 3622 quae
1190 3537 1269 3600 item
1293 3533 1447 3619 opposita

303 3647 379 3708 sunt
402 3643 725 3731 Karthaginiensium
754 3645 889 3711 notioni.
944 3643 1005 3709 His
1033 3644 1159 3728 pridem
1192 3643 1322 3727 scriptis
1354 3661 1446 3704 auam

303 3749 471 3815 nobiscum
494 3751 712 3816 coniecturam
726 3749 948 3817 Mommsenus
971 3749 1198 3834 communicat,
1221 3772 1285 3836 qua
1307 3767 1446 3833 pergens

303 3857 338 3920 in
353 3855 515 3939 Sehopeni
536 3857 599 3940 via,
622 3857 677 3922 sad
700 3857 742 3922 ad
764 3857 922 3924 librorum
945 3858 1041 3922 fidem
1065 3857 1174 3942 aliqua
1196 3879 1235 3921 ex
1257 3860 1350 3940 parte
1372 3875 1445 3936 pro-

303 3961 377 4046 pius
400 3962 554 4028 accedens
577 3965 744 4028 adductura
766 3963 901 4028 Roman
921 3965 1028 4029 amira
1044 3964 1182 4045 peterse
1203 3961 1366 4047 proponit

392 4067 470 4151 Peg.
493 4068 561 4142 205,
585 4069 615 4134 11
638 4071 744 4136 hadal
766 4121 773 4136 .
797 4121 804 4136 .
828 4120 835 4135 .
856 4071 957 4151 faeiat
978 4069 1200 4135 coniunctiros
1224 4073 1377 4134 constans
1399 4067 1446 4130 lo·

305 4175 423 4261 quendi
451 4175 648 4241 consuetudo
672 4175 819 4248 Suetonii
847 4174 953 4263 (euius
980 4175 1053 4260 plus
1071 4165 1195 4262 'viginti
1219 4173 1366 4258 exempla
1388 4194 1446 4236 nu-

305 4281 442 4366 meravi)
460 4305 534 4348 cum
551 4282 605 4348 hio
624 4281 813 4367 postulabat
831 4285 901 4346 tum
920 4281 1006 4346 infra
1029 4279 1189 4366 p.207,11
1214 4279 1360 4362 quamuis
1378 4277 1448 4342 Vol·

305 4390 404 4453 catius
427 4438 434 4452 .
458 4438 466 4452 .
490 4438 496 4452 .
518 4391 639 4454 maai.
682 4387 855 4454 Simillimo
879 4388 1026 4472 exemplo
1049 4387 1335 4469 praecoepere
1356 4383 1447 4448 histo

305 4495 364 4558 riis
381 4495 447 4558 sois
462 4497 578 4576 prodat
599 4495 683 4560 dixit
704 4501 738 4558 in
761 4495 830 4560 rita
853 4495 881 4559 d.
905 4492 1032 4559 Claudii
1055 4514 1082 4557 c.
1096 4493 1148 4556 21.
1179 4491 1394 4557 Indicativum
1418 4489 1448 4554 ei
