3294 5104
649 407 932 456 concesssimus.
1297 394 1363 460 275

215 544 313 610 fallor
336 567 434 629 quam
457 545 533 610 huic
555 549 750 634 propiorem,
774 550 827 615 hic
851 551 995 614 subicere
1019 550 1140 634 placuit
1164 555 1197 616 et
1216 553 1361 618 emenda·

214 657 283 718 tam
315 653 511 739 aliquotiens
544 659 577 718 et
604 677 643 719 ex
673 661 741 720 arte
770 656 968 721 adnotatam.
1020 656 1135 740 ltaque
1163 679 1221 740 pro
1249 659 1361 724 fianda-

214 764 325 824 mento
349 782 420 826 esse
444 761 586 826 codicem
605 763 788 828 Parisinum
812 764 1055 828 membraneum
1076 764 1164 828 7902
1184 763 1245 852 (A)
1266 767 1362 844 volui,

214 866 334 930 saeculi
357 871 393 931 ut
416 867 519 932 fertur
542 887 593 948 xl,
617 892 803 953 possessum
828 871 905 934 olim
930 893 949 935 a
972 869 1069 935 Petro
1093 870 1244 947 Daniele:
1274 873 1359 937 lacu·

214 993 330 1036 nusum
354 995 431 1038 sane
455 979 488 1038 et
511 979 547 1040 ut
570 997 630 1041 usu
654 977 765 1041 venire
788 977 821 1041 in
848 976 909 1040 tali
928 977 1147 1061 genere‘solet
1165 977 1363 1062 mendosum,

215 1078 270 1142 sed
298 1101 336 1144 ex
366 1082 549 1165 antiquiore
577 1085 615 1147 ut
636 1083 764 1147 videtur
786 1084 876 1148 fonte
899 1083 1038 1148 ductum.
1085 1081 1145 1148 Oui
1169 1085 1290 1150 saeculi
1314 1103 1361 1148 xv

215 1183 412 1280 Basileensis
440 1187 475 1253 F.
500 1207 554 1272 111,
583 1185 691 1276 2(B)
725 1193 757 1254 et
779 1189 946 1255 Parisinus
982 1191 1064 1255 1441
1101 1188 1160 1276 (P)
1194 1191 1362 1256 accedunt:

215 1313 351 1374 quorum
374 1293 427 1358 hic
450 1294 571 1379 insigni
594 1297 755 1380 exemplo,
779 1296 939 1380 quomodo
964 1297 1127 1382 serpserit.
1142 1298 1361 1383 interpolandi

214 1399 346 1464 licentia
369 1405 541 1465 monstrat.
585 1401 719 1467 Praeter
741 1403 802 1468 hos
825 1408 906 1488 tres,
929 1425 947 1467 e
971 1405 1087 1489 quibus
1111 1410 1295 1489 excerptam
1319 1405 1360 1470 ab

214 1503 398 1573 Hunaikero
427 1507 679 1592 discrepantiam
707 1511 886 1595 scripturae
914 1509 1055 1576 Rothius
1083 1509 1188 1576 Musei
1212 1511 1359 1576 Rhenani

214 1615 236 1676 t.
261 1631 312 1676 x11
335 1636 366 1697 p.
392 1615 454 1680 186
470 1637 539 1700 sqq.
563 1617 746 1700 proposuit,
769 1618 815 1682 M
832 1617 897 1682 dixi
922 1639 939 1682 e
963 1617 1069 1682 tribus
1093 1617 1257 1683 codicibus
1283 1618 1359 1682 Am-

214 1719 389 1801 brosianis,
418 1745 577 1806 nusquam
606 1722 692 1787 inter
719 1745 753 1788 se
777 1723 952 1808 distinctis,
979 1723 1141 1808 proditam
1166 1725 1207 1788 ab
1231 1723 1359 1808 Angelo

213 1823 302 1890 Maio
326 1825 438 1910 vitam,
462 1851 543 1911 quae
563 1829 664 1892 estin
683 1851 721 1892 eo
740 1828 824 1893 libro
845 1851 940 1913 quem
959 1829 1015 1893 ille
1029 1827 1206 1895 Mediolani
1225 1853 1252 1895 a.
1274 1831 1359 1896 1815

213 1932 260 1996 sic
296 1933 488 2017 inscriptum
521 1935 634 1999 edidit:
672 1934 726 1999 ‘M.
758 1934 837 2000 Acci
870 1935 978 2000 Plauti
1010 1935 1195 2021 fragmenta
1227 1935 1359 2001 inedita.

212 2037 297 2104 Item
328 2040 369 2106 ad
393 2039 426 2105 P.
451 2040 637 2106 Terentium
660 2042 948 2107 commentationes
972 2044 1004 2108 et
1027 2041 1174 2126 picturae
1197 2041 1359 2108 ineditae'.
1426 2039 1435 2051 “

213 2143 277 2210 Vbi
301 2146 340 2212 de
363 2147 456 2212 libris
479 2147 545 2212 illis
569 2149 773 2214 sio-testatus
793 2152 843 2214 est
861 2171 892 2232 p.
911 2149 967 2214 37:
991 2147 1093 2215 ‘Haec
1112 2149 1254 2216 Terentii
1271 2147 1360 2232 Vita,

214 2253 357 2318 nondum
381 2257 418 2318 ut
439 2258 518 2338 puto
542 2255 690 2340 vulgata,
714 2259 804 2321 extat
826 2257 860 2320 in
882 2254 1109 2322 Ambrosianis
1134 2256 1297 2321 codicibus
1317 2243 1359 2322 D.

215 2360 256 2423 79
281 2365 314 2424 et
336 2360 373 2425 Ο.
399 2361 461 2424 109
485 2365 570 2445 part.
592 2385 674 2448 sup,
698 2364 731 2428 in
755 2363 873 2447 quibus
897 2367 930 2428 et
953 2365 1070 2429 dicitur
1092 2365 1244 2446 excerpta
1267 2384 1285 2427 e
1307 2384 1358 2424 ve·

213 2467 392 2533 tustissimc
424 2466 542 2533 codice.
593 2467 695 2533 Extat
724 2469 803 2532 item
834 2469 865 2532 in
897 2470 1005 2534 codice
1032 2469 1067 2534 F.
1095 2470 1138 2534 92
1169 2473 1252 2553 part.
1280 2490 1358 2552 sup„

212 2573 267 2636 ubi
295 2573 483 2637 inscribitur
505 2573 721 2638 Prohounium
742 2595 863 2656 mem,
894 2579 931 2640 ut
957 2577 1111 2641 nimirum
1139 2576 1359 2660 distinguatur

213 2701 232 2744 a
255 2677 399 2744 Terentii
422 2678 502 2744 Vita
531 2680 638 2746 studio
660 2680 854 2745 Petrarehae
883 2681 1044 2767 descripta
1071 2683 1119 2768 (et
1146 2681 1246 2770 edita)
1276 2705 1357 2766 quae

212 2787 246 2850 in
279 2785 389 2851 eodem
420 2807 477 2850 ms.
506 2789 651 2871 proxime
679 2786 909 2872 praeponitur?
941 2825 978 2834 -
1009 2787 1161 2853 Ceterum
1191 2791 1356 2872 interpun-

212 2893 351 2958 ctionem
375 2893 474 2956 tacite
497 2895 630 2959 correxi.

588 3230 708 3296 VITA
735 3229 976 3297 TERENTII
1368 3271 1408 3313 535

299 3372 478 3458 Terentius,
501 3371 580 3436 Afer
604 3393 719 3460 genere
738 3371 996 3458 Kartaginensis‚
1018 3395 1098 3456 puer
1121 3377 1233 3457 captus
1253 3379 1356 3439 estet

212 3499 232 3541 a
259 3479 397 3562 quodam
421 3478 572 3544 Terentio
596 3479 727 3544 Lucano
756 3485 892 3562 emptus.
938 3479 1056 3544 litteris
1081 3482 1205 3564 graecis
1228 3481 1354 3545 latinis-

212 3605 274 3666 que
296 3585 474 3650 instructus
498 3607 571 3650 cum
595 3585 752 3650 liberatus
776 3589 874 3669 esset,
903 3608 979 3651 mox
1002 3592 1136 3670 propter
1158 3587 1354 3671 elegantiam

283 3803 296 3850 1
317 3795 420 3866 Incipit
436 3796 498 3852 uita
512 3797 636 3853 Terentii
650 3797 677 3851 A
750 3804 766 3851 2
785 3796 845 3851 aler
862 3797 986 3866 natione,
1005 3813 1106 3868 genere
1119 3797 1156 3850 B.
1174 3813 1275 3866 genere
1294 3795 1354 3866 qui-

211 3883 275 3937 dem
293 3882 390 3939 extitit
406 3884 486 3954 Afer,
510 3886 578 3941 cirris
596 3903 663 3942 uero
681 3887 741 3941 vita
760 3885 848 3943 Oxou.
938 3885 1166 3958 carthaginensis
1187 3885 1224 3939 Μ
1312 3887 1355 3940 est

211 3972 251 4042 et]
271 3974 300 4026 st
317 3973 384 4027 libri
437 3980 454 4028 4
472 3974 620 4030 liberer-ius
633 3976 668 4032 B.
688 3975 819 4032 librarius
835 3975 878 4032 M.
899 3976 975 4032 ‘mox
992 3977 1066 4031 hunc
1080 3974 1224 4030 librarium
1240 3973 1352 4029 asciuit'

212 4061 247 4128 P,
264 4063 394 4130 proxima
411 4064 538 4120 moreau
556 4067 639 4122 lolia:
666 4065 714 4134 qui
733 4083 796 4121 eum
814 4064 1007 4121 familiaritate
1027 4065 1125 4136 [volae
1142 4082 1205 4120 cum
1225 4064 1253 4118 in
1272 4063 1354 4117 lami·

210 4149 375 4221 liaritatem]
394 4169 421 4220 p.
441 4151 573 4223 scipionis
591 4171 625 4209 ac
643 4154 702 4208 lelii
721 4154 870 4224 perductus
887 4157 986 4224 postea
1004 4156 1077 4209 esset
1094 4171 1109 4208 e
1124 4153 1256 4208 libertina
1269 4150 1353 4218 tribu,

209 4239 239 4293 in
257 4241 370 4296 mbanie
389 4240 536 4296 honestum
555 4241 681 4296 ordinem
693 4242 792 4298 tenuit.
811 4257 909 4297 causas
925 4243 1017 4312 [immo
1031 4240 1201 4310 comoediae]
1216 4240 1276 4309 egit
1287 4257 1354 4294 non-

208 4345 364 4398 nunquam,
382 4329 413 4384 in
431 4329 532 4398 quibus
551 4331 664 4399 quidem
683 4331 775 4386 locum
794 4331 915 4402 primum
934 4329 1010 4384 haud
1028 4329 1111 4384 dubie
1129 4328 1281 4399 tenuisset,
1299 4329 1354 4384 nisi

209 4416 269 4470 eins
298 4417 513 4489 obtrectatores,
540 4436 603 4473 cum
627 4417 714 4473 etiam
736 4419 847 4489 publice
875 4419 934 4473 eius
961 4417 1102 4473 comedias
1130 4433 1200 4486 quas
1227 4417 1354 4474 ediderat

209 4505 414 4576 uituperareut‚
433 4508 468 4562 ad
488 4507 647 4562 huiusmodi
665 4506 758 4562 studia
776 4505 918 4562 ardentius
937 4505 1115 4576 impulissent
1134 4507 1226 4576 [imaro
1245 4507 1351 4564 obtrec-

1089 4593 1140 4650 18*
