3302 5106
302 379 367 444 384
650 425 652 428 -
718 395 765 441 ns
790 394 824 442 u.
848 393 1021 443 vunsours

301 542 338 602 ut
370 537 411 602 ad
444 536 578 602 eundem
603 533 760 601 Varronis
794 537 914 602 librum
946 559 984 601 ea
1013 557 1093 620 quae
1122 535 1187 599 illis
1216 536 1446 603 continuantur

301 625 493 709 referamus:
516 643 633 727 quibus
657 665 739 728 qnae
758 643 800 708 ab
818 643 890 727 ipso
904 641 1061 708 Diomede
1080 641 1327 727 admisceantur,
1350 643 1445 709 facile

301 751 519 836 unusquisque
547 750 727 835 dignoscet.
772 747 825 815 Sic
853 750 954 835 igitur
976 749 1031 814 ille
1054 749 1164 835 pergit
1187 752 1207 831 ὅ
1231 749 1287 814 52:
1318 748 1444 814 Octouo·

300 859 368 923 rr'us
394 863 449 941 est,
480 863 516 922 ut
543 857 642 922 Varro
668 857 756 934 dicit,
788 877 857 921 oum
884 856 944 921 duo
971 857 1068 921 iorubi
1084 857 1176 938 pedes
1198 855 1328 920 iambico
1351 861 1445 921 metro

295 969 533 1048 praeponuntur
555 969 584 1028 el
604 964 642 1046 hl
662 983 767 1029 ouum
789 963 878 1027 tulis:
901 961 1000 1045 ‘polu
1022 982 1106 1027 meus
1126 962 1229 1028 diceus
1246 964 1375 1028 docendo
1392 963 1447 1044 qui

300 1073 383 1136 docet
410 1072 486 1136 dicit
506 1070 641 1136 doceus’.
672 1070 741 1136 tolle
762 1069 834 1134 hiuc
850 1070 972 1152 primos
995 1068 1071 1133 duos
1094 1067 1225 1147 iambos,
1254 1073 1283 1133 et
1303 1069 1363 1132 crit
1385 1069 1445 1133 tole

300 1179 391 1260 quale
412 1179 493 1242 illud
512 1184 572 1244 est:
597 1176 667 1244 ‘ibis
689 1177 840 1242 Liburnis
862 1176 1030 1248 iulerolta
1052 1173 1206 1240 uouium'.
1252 1177 1272 1254 ξ
1296 1175 1352 1240 53:
1378 1175 1447 1240 Tri-

217 1345 219 1348 .
301 1289 394 1350 meter
419 1283 529 1350 herous
551 1305 588 1348 eu
610 1285 766 1366 superiore
787 1281 996 1366 heuouulro*)
1019 1283 1057 1363 fit
1078 1286 1113 1345 ut
1134 1283 1287 1346 dirimire:
1318 1283 1372 1346 sod
1391 1281 1447 1346 hoc

260 1411 286 1450 sc
307 1392 406 1460 Varro
419 1392 458 1458 ru
472 1389 711 1477 Archilocho**)
733 1395 858 1455 austum
881 1390 956 1454 dioil
977 1389 1125 1454 odiuuclo
1146 1387 1265 1470 syrum
1285 1388 1446 1468 olfactum

301 1499 377 1564 tolo:
391 1498 616 1581 .‘omur'poteute
631 1503 762 1581 porculo
783 1495 868 1562 moo’.
891 1495 964 1561 huic
985 1497 1014 1561 si
1036 1495 1164 1575 auferas
1185 1495 1330 1560 ultimum
1352 1497 1446 1579 syllo-

301 1605 385 1688 hom,
411 1610 503 1670 eruut
526 1605 601 1670 uls
623 1610 683 1670 tres
699 1606 804 1688 pedes,
826 1623 902 1686 quos
919 1603 1010 1685 prior
1026 1623 1107 1684 pars
1128 1600 1296 1666 mmmm-r·
1318 1603 1447 1685 recipere

160 1715 165 1726 '
301 1713 462 1778 correucuil.
507 1711 609 1794 §542
632 1710 863 1778 Archilochium
882 1711 982 1776 Varro
1006 1709 1086 1774 illud
1106 1709 1182 1774 dicit
1202 1709 1285 1790 quod
1305 1714 1349 1774 est
1370 1710 1446 1774 tole:

302 1817 351 1883 ‘err
374 1819 513 1885 litoribus
529 1824 730 1902 properantes
751 1819 882 1884 uourhus
899 1813 1068 1883 receduut'.
1094 1815 1144 1880 hio
1165 1816 1308 1898 superius
1325 1836 1443 1880 comum

302 1926 385 2006 quod
410 1930 454 1990 eol
481 1925 541 1990 tole
569 1925 620 1990 ‘er
648 1925 788 1990 lilorrhus
807 1921 1025 2008 properantes²
1051 1922 1153 1988 similo
1181 1927 1225 1986 est
1250 1921 1299 1987 illi
1322 1921 1482 2009 ‘Troiae⁸

302 2032 357 2114 qui
375 2031 499 2113 primus
520 2031 560 2096 oh
580 2020 673 2107 'oris';
696 2031 829 2110 iuferius
851 2052 970 2097 commo
991 2030 1073 2113 quod
1093 2033 1136 2093 eu
1159 2029 1219 2093 tole
1242 2027 1383 2094 ‘northus
1400 2051 1445 2094 re·

301 2137 424 2203 ceduut’
448 2138 551 2205 simile
572 2143 617 2204 eal
638 2138 687 2202 illi
709 2138 791 2220 quod
813 2144 858 2204 est
880 2139 939 2204 tole
962 2136 1138 2203 ‘mochiuoc
1161 2133 1312 2200 ooriuoe'.
1335 2172 1379 2181 —
1401 2135 1447 2202 Et

303 2245 383 2310 haec
413 2243 541 2330 quidem
572 2244 719 2329 exempla
744 2242 922 2310 Varronem
950 2247 1114 2310 auctorem
1138 2247 1249 2327 aperte
1271 2245 1447 2308 testantur:

302 2351 424 2416 habent
452 2351 540 2419 haud
567 2352 663 2418 dubie
687 2352 756 2418 sine
778 2353 964 2419 testimonio
989 2352 1067 2436 alia,
1090 2371 1172 2437 quae
1194 2348 1373 2433 persimilis
1396 2351 1447 2414 vel

302 2457 497 2542 praecedunt
528 2459 579 2524 rel
608 2463 794 2544 sequuntur.
839 2457 878 2523 In
906 2479 1042 2543 quorum
1070 2459 1178 2522 tomen
1200 2477 1369 2520 numerum
1393 2457 1446 2520 rix

303 2565 392 2630 venit
418 2565 481 2631 hoo
511 2564 597 2650 quod
625 2564 785 2630 subicitur
815 2567 835 2645 ξ
859 2565 915 2630 55:
947 2563 1125 2630 Dimetrum
1147 2583 1275 2645 quoque,
1302 2564 1384 2644 quod
1404 2567 1448 2628 ost

303 2691 341 2736 eo
366 2673 521 2754 assertore
541 2677 634 2755 porte
660 2671 842 2751 herourehi,
870 2671 1103 2737 Archilochium
1129 2690 1195 2734 uuo
1216 2669 1336 2753 syllaba
1358 2671 1449 2734 ouri-l

302 2783 331 2843 et
356 2779 429 2860 fecit
456 2779 532 2844 tolo:
566 2777 643 2844 ‘rull
670 2779 725 2844 libi
749 2777 917 2844 Timocles'.
962 2776 1045 2842 Num
1075 2777 1137 2841 etsi
1165 2775 1211 2840 sic
1235 2777 1390 2860 scriptum
1412 2777 1447 2840 in

303 2885 370 2950 suis
401 2885 565 2951 codicibus
592 2885 717 2952 invonit
740 2883 957 2968 Guisiordins,
986 2887 1095 2947 umen
1122 2903 1182 2947 nee
1205 2882 1446 2948 Archilochium

302 2992 383 3057 illud
415 2993 521 3076 ipsum
554 2991 727 3058 dimetrum
758 3015 857 3077 supra
886 2991 1008 3056 dictum
1038 2993 1088 3054 ert
1109 3011 1140 3073 p.
1167 2988 1233 3054 494
1262 2989 1349 3070 §32
1377 2987 1447 3076 (ubi

304 3099 368 3164 duo
401 3098 547 3183 exemplo
579 3102 663 3184 sunt,
694 3121 761 3164 non
783 3121 896 3164 unum:
928 3097 1069 3164 authenti
1099 3096 1179 3161 mihi
1199 3097 1210 3180 ΙΙ
1232 3101 1449 3179 maurosus

302 3203 387 3291 dou),
415 3209 448 3270 et
470 3205 604 3272 offendit
627 3205 796 3271 collocatio
820 3204 1003 3270 verborum:
1036 3225 1135 3290 quare
1159 3204 1268 3268 nescio
1292 3226 1333 3269 on
1355 3225 1448 3289 prae·

304 3315 369 3376 stet
395 3311 554 3377 editorum
583 3311 747 3396 scriptura
770 3312 991 3396 exemplorum
1013 3309 1229 3394 Archilochon,
1256 3309 1448 3394 praesertim

303 3439 376 3482 oum
404 3418 614 3505 insequantur
637 3418 717 3484 baec
740 3422 760 3500 ἓ
783 3419 839 3485 56:
867 3419 1031 3485 dimotmuu
1054 3424 1087 3483 el
1109 3417 1217 3496 illud,
1244 3419 1326 3499 quod
1347 3421 1390 3482 esi
1411 3437 1449 3481 eo

302 3526 450 3607 inferiore
461 3532 553 3609 porte
569 3526 746 3610 luxuumhi,
768 3525 971 3592 Archilochus
989 3526 1079 3590 auxil
1096 3546 1122 3588 e.
1137 3547 1166 3609 q.
1181 3547 1205 3588 s.
1242 3523 1318 3588 Alia
1336 3525 1447 3588 tamen

303 3633 388 3699 ratio
411 3633 527 3700 horum
551 3637 571 3716 ἕ
596 3635 651 3700 65:
675 3635 813 3700 Iombico
835 3655 947 3700 uocum
969 3653 1093 3699 currueu
1115 3631 1208 3712 refert
1230 3631 1338 3712 Varro,
1361 3631 1449 3695 ouius

303 3743 472 3822 exemplum
490 3747 534 3807 esi
551 3741 627 3806 lule:
653 3740 766 3824 ‘pedon
782 3740 1015 3824 rhythmumque
1032 3737 1129 3821 huit'.
1166 3736 1229 3801 Hic
1247 3737 1342 3801 facile
1362 3737 1447 3820 quis-

304 3847 391 3930 piam
423 3849 547 3932 cogitet
578 3847 617 3911 do
647 3848 743 3912 metri
772 3867 889 3932 genere
918 3868 981 3931 quo
1010 3845 1079 3928 ipse
1103 3844 1209 3910 Varro
1238 3865 1314 3908 usus
1343 3843 1387 3908 sit
1415 3842 1447 3906 in

375 4057 402 4126 *)
430 4056 570 4127 Vulgotnr
596 4073 630 4112 eu
657 4057 796 4126 superiore
822 4055 951 4122 iambico,
980 4053 1028 4124 qui
1057 4069 1131 4110 error
1155 4055 1214 4110 solo
1237 4071 1303 4110 casu
1326 4054 1446 4124 irrepsit.

303 4145 419 4201 Dixerat
442 4145 516 4200 enirn
535 4163 563 4216 p.
582 4150 634 4200 494
652 4152 667 4213 ς
686 4152 732 4201 33:
767 4147 807 4201 sic
831 4151 855 4200 et
880 4145 1030 4198 trimetrum
1056 4160 1089 4199 eu
1113 4146 1253 4214 superiore
1268 4149 1349 4214 parte
1366 4144 1447 4196 luro-

303 4237 382 4289 metrr'
399 4236 466 4291 tole:
486 4235 602 4290 ‘Musae
621 4235 746 4290 Pierides
764 4231 880 4289 uorrim’.

359 4323 400 4394 **)
419 4325 457 4380 ht
479 4343 545 4380 roro
568 4343 632 4380 enm
655 4342 764 4379 versum
784 4339 846 4378 cnm
864 4321 979 4378 minime
997 4323 1128 4379 tribuerit
1145 4322 1326 4390 Archilocho,
1350 4339 1384 4376 ne
1403 4319 1449 4374 bic

303 4413 416 4482 quidem
444 4430 499 4468 una
527 4414 636 4482 syllaba
663 4412 815 4467 auctiorem
838 4411 933 4481 potuit
958 4413 993 4467 ob
1016 4413 1191 4468 Archilochio
1214 4417 1324 4466 nudum
1348 4409 1449 4478 dicere,

303 4501 333 4556 id
352 4501 427 4571 quod
446 4501 546 4572 editur,
565 4503 614 4558 ssd
634 4504 747 4556 anctum
765 4501 800 4556 ab
819 4501 981 4557 Archilocho
1000 4501 1100 4571 potnit.
