3274 5114
636 415 918 466 conuamsmvs.
1282 395 1349 460 225

205 562 382 646 particulae
405 562 503 628 semel
528 562 675 627 iunctum
698 559 727 625 d.
751 559 835 644 Aug.
857 560 901 624 42
924 557 1068 640 pumicis
1089 557 1261 622 dcsbucrcl
1282 577 1349 620 non

206 669 345 735 debebat
368 691 440 736 cum
465 669 537 734 aliis
561 665 805 750 Oudendorpius
829 665 1006 730 defendere.

296 843 372 929 Peg.
396 845 463 920 2⁰5,
487 845 520 909 13
534 861 602 926 sqq.
625 843 751 928 positos
769 841 899 908 Porcii
918 840 1045 906 Licini
1069 841 1270 925 septenarios
1289 841 1352 904 etsi

207 953 317 1038 aliqua
339 941 378 1018 ex
401 957 494 1036 parte
519 953 598 1018 olim
621 951 761 1016 tractavi
784 947 888 1015 Musei
911 947 1061 1013 Rhenani
1085 951 1108 1012 t.
1122 966 1148 1012 11
1170 971 1201 1032 p.
1225 948 1289 1012 648
1305 970 1352 1031 sq.

207 1061 259 1124 vel
291 1059 456 1145 Parergon
490 1058 714 1124 Plautinorum
746 1063 805 1123 t1
838 1078 868 1140 p.
893 1055 956 1120 637
973 1077 1028 1140 sq.,
1061 1059 1172 1119 tamen
1202 1075 1269 1118 non
1302 1059 1353 1119 est

207 1168 326 1231 mirum
344 1187 448 1232 novae
463 1164 533 1230 viae
552 1164 666 1228 ducem
684 1166 827 1229 veterem
846 1161 988 1226 codicem
1002 1159 1187 1226 Parisinum
1205 1159 1352 1225 extitisse

208 1277 277 1336 tum
306 1294 421 1356 parum
449 1270 624 1358 cognitum.
671 1265 770 1334 (luins
795 1268 899 1332 virtus
922 1266 1095 1350 inprimis
1119 1267 1231 1332 statim
1254 1268 1353 1332 versi-

209 1379 292 1444 culis
315 1379 473 1462 enitescit,
495 1399 573 1460 quos
593 1376 650 1440 ille
668 1375 751 1440 tales
770 1374 912 1440 exhibet:
935 1375 1010 1438 dum
1025 1373 1187 1438 melun
1202 1373 1352 1438 nobilium
1366 1393 1407 1433 roo

209 1490 239 1550 cl
260 1487 365 1551 lcudcs
385 1485 510 1565 fucosae
527 1482 617 1565 petil,
647 1481 722 1546 dum
744 1481 883 1562 africani
905 1499 1008 1546 uocem
1030 1480 1105 1546 dum
1127 1484 1156 1544 et
1176 1479 1305 1544 tubulus
1326 1484 1356 1543 et

207 1593 311 1658 auidis
343 1591 486 1668 aarum,
515 1591 592 1666 dum
624 1589 667 1652 ad
696 1588 792 1670 lirum
824 1585 959 1672 [limen]
991 1607 1023 1652 se
1049 1591 1169 1651 ccuwrc
1195 1591 1223 1650 cl
1250 1587 1354 1650 lelium

206 1697 369 1780 prclcbrum
386 1701 488 1780 pulo-t
525 1693 590 1762 Vbi
616 1717 768 1773 numeros
787 1694 989 1760 duriusculos
1010 1694 1133 1774 fucosae
1152 1693 1256 1757 buda
1271 1693 1355 1774 petit,

157 1875 164 1886 ⁸
208 1827 289 1890 quoe
312 1803 424 1869 subtili
448 1802 574 1868 aurium
597 1802 715 1867 iudicio
739 1801 773 1866 F.
796 1801 836 1866 A.
861 1799 1001 1868 Wolfius
1024 1798 1228 1884 repudiabat,
1256 1797 1356 1862 ceteri

208 1911 285 1976 libri
315 1932 427 1976 omncs
457 1913 591 1974 tuentur
619 1931 684 1975 non
715 1897 822 1974 minus
853 1907 969 1974 vitiose
997 1929 1094 1992 quam
1122 1905 1156 1970 in
1179 1906 1242 1970 fine
1265 1903 1354 1968 tertii

209 2038 320 2081 versus
339 2021 432 2098 putot
447 2017 624 2100 pulchrum,
647 2038 741 2100 quem
765 2017 910 2082 ordinem
933 2015 1106 2080 verborum
1128 2012 1251 2097 primus
1273 2011 1355 2075 Asu·

162 2192 165 2200 ,
209 2121 301 2187 lanus
325 2122 517 2188 emendabat
539 2123 574 2188 in
597 2123 744 2208 exemplo
767 2123 897 2189 Aldine.

301 2245 384 2311 Item
408 2267 504 2310 versu
527 2246 675 2328 proximo
700 2247 848 2330 quamvis
867 2249 1060 2331 portentosa
1078 2243 1263 2327 corruptela
1284 2241 1356 2306 racd

212 2354 287 2418 uu
308 2355 336 2416 cl
357 2349 486 2416 tubulus
503 2357 536 2416 cl
563 2353 720 2435 scriptum
744 2354 788 2418 sit
810 2375 869 2438 pro
893 2374 931 2416 eo
955 2351 1042 2436 quod
1065 2350 1163 2416 ceteri
1187 2350 1357 2413 servarunt

210 2477 280 2522 uoce
301 2457 412 2522 diuino
434 2457 550 2542 icsblol,
582 2463 692 2525 tamen
723 2460 775 2525 rel
806 2458 859 2524 hic
888 2458 1065 2544 vestigium
1094 2457 1163 2522 veri
1190 2455 1225 2519 in
1254 2473 1356 2518 uocem

212 2564 374 2648 scriptura
396 2562 546 2628 relictum
570 2569 633 2630 est:
663 2565 792 2650 quando
816 2565 1018 2630 accusativos
1041 2563 1162 2649 requiri
1184 2582 1287 2628 uocem
1310 2563 1356 2626 di-

209 2672 319 2736 uinam
348 2671 415 2734 iam
444 2668 591 2736 Muretus
622 2671 794 2756 perspexit
844 2668 894 2734 Ne
923 2671 994 2753 quis
1026 2671 1112 2736 enim
1139 2670 1225 2736 uocet
1252 2669 1358 2733 diuiue

211 2776 242 2844 h.
256 2799 282 2842 e.
304 2777 374 2841 ruci
394 2777 522 2842 diuinae
544 2779 663 2861 potius,
687 2776 773 2862 quod
796 2776 958 2861 probabat
982 2775 1097 2842 Daniel
1117 2775 1281 2856 Heinsius,
1304 2773 1357 2838 de-

212 2883 357 2948 litescere
380 2883 415 2948 in
436 2883 508 2948 uoce
527 2883 601 2948 dum
623 2888 653 2948 cl
674 2884 865 2966 suspicetur,
888 2881 1104 2965 reputandum
1128 2885 1178 2944 cst
1200 2881 1357 2965 posterio-

212 2987 300 3052 ribus
328 2989 458 3054 demum
485 2989 714 3074 scriptoribus,
742 2989 847 3072 poetis
871 2988 1092 3072 potissimum,
1119 2987 1265 3052 dabvum
1288 2988 1355 3070 pla-

213 3096 329 3178 cuisse,
360 3096 467 3179 ipsum
492 3096 713 3162 accusativum
736 3095 798 3161 hoc
821 3094 949 3179 quidem
972 3093 1147 3177 appetendi
1171 3093 1357 3178 significatu

212 3201 411 3284 antiquiores
440 3204 609 3286 probasse,
643 3201 732 3266 velut
761 3223 834 3266 cum
862 3200 1057 3266 hereditatem
1088 3201 1138 3264 vel
1164 3222 1279 3266 curum
1307 3203 1358 3266 vel

214 3307 294 3372 bona
315 3307 438 3375 subscrc
460 3309 594 3373 Plautus
618 3307 701 3372 dixit
723 3305 824 3374 Stich.
843 3309 918 3374 605.
946 3307 1020 3372 Aul.
1039 3325 1076 3390 11,
1090 3308 1120 3390 2,
1138 3309 1187 3373 ll.
1211 3309 1262 3374 89.
1291 3307 1358 3372 Mil.

215 3413 279 3478 715
303 3411 428 3500 (1199).
451 3414 543 3480 Truc.
568 3433 603 3498 11,
627 3414 657 3496 3,
683 3415 734 3498 18,
755 3421 883 3480 mortem
907 3415 1041 3480 alicuius
1066 3412 1225 3481 Caecilius
1249 3437 1278 3478 v.
1296 3415 1356 3478 147

215 3519 324 3585 Ribb:
362 3543 438 3586 nam
464 3521 606 3588 suetus
634 3521 752 3603 lupicis
779 3515 1148 3586 lulianum'Ruuulum
1178 3543 1250 3586 cum
1281 3519 1359 3583 dicit

213 3624 325 3692 Cicero
348 3627 382 3692 in
406 3625 574 3716 datura,
598 3629 628 3712 8,
654 3629 703 3712 19,
726 3629 858 3712 propria
880 3628 972 3692 verbi
994 3629 1088 3694 notio
1113 3630 1243 3693 servata
1265 3630 1323 3690 est.

302 3751 491 3836 Insequenti
523 3775 618 3818 versu
651 3775 725 3818 cum
755 3775 773 3817 e
802 3751 1004 3817 noviciorum
1031 3752 1177 3818 codicum
1204 3749 1360 3815 memoria

213 3857 287 3922 dum
313 3859 357 3921 cd
380 3857 503 3937 furium
530 3879 562 3922 sc
588 3860 738 3924 coenitare
760 3857 949 3941 (amiur-e,
972 3859 1163 3942 cceumlore),
1190 3875 1360 3922 mensurae

214 3965 251 4026 nt
273 3963 470 4045 consuleret,
498 3965 572 4029 dum
599 3968 701 4031 se'cd
721 3965 860 4030 Furtum
882 3985 1007 4030 coenare
1030 3965 1169 4031 Wolfius
1193 3963 1360 4045 effecisset,

215 4072 248 4132 et
266 4069 387 4152 proditi
406 4071 579 4136 verborum
599 4072 722 4138 ordinis
741 4075 775 4136 et
792 4072 916 4136 formae
932 4071 1189 4157 frequentativae
1203 4068 1360 4134 tutandae

214 4173 302 4238 viam
324 4196 452 4240 rursum
475 4179 563 4244 solus
587 4179 753 4244 Parisinus
777 4179 985 4244 monstravit:
1017 4179 1052 4242 in
1080 4177 1170 4241 cuins
1199 4176 1361 4258 scriptura

215 4279 278 4361 first
302 4281 414 4361 [immo
438 4284 504 4365 fiori
523 4283 558 4350 (l.
572 4284 638 4368 W.]
661 4307 728 4351 non
746 4285 882 4351 Factum
904 4285 1014 4368 latere,
1038 4283 1122 4368 quod
1146 4304 1184 4345 ex
1208 4281 1360 4346 inferiore

218 4407 311 4451 versu
344 4409 374 4472 p.
403 4387 484 4472 206,
514 4389 533 4454 8
564 4389 627 4455 hue
657 4389 816 4474 adscitum
846 4395 908 4472 est,
935 4389 990 4454 sed
1020 4389 1123 4472 ipsius
1153 4385 1243 4451 Furii
1273 4387 1360 4454 illius

217 4511 398 4576 cognomen
422 4493 551 4560 Philum
573 4495 659 4560 felici
682 4495 828 4561 acumine
851 4495 991 4561 Rotbius
1016 4494 1188 4559 adsecutus
1212 4499 1270 4558 est

270 4615 311 4652 ra.
326 4615 475 4653 arrscsrunn
491 4617 624 4656 orvscvas
638 4620 679 4654 111.
1115 4603 1147 4650 15
