3274 5114
295 407 358 472 194
651 427 866 475 unacunsra
888 427 1073 475 Pnnvmua.

294 571 351 630 aut
369 566 449 632 adeo
470 567 577 650 pilam
592 568 748 652 praecom’
767 569 787 634 i.
807 590 832 635 e.
855 569 956 653 pilam
974 569 1132 634 lusoriam
1151 565 1348 632 reddendam
1367 587 1437 631 esse

291 671 454 737 Astrabae
481 673 587 738 versui
616 675 822 740 somniarunt
849 679 886 740 ut
913 673 983 740 Nic.
1006 673 1160 739 Heinsius
1182 671 1355 738 Adversar.
1378 671 1439 757 ΙΙΙ,

293 779 331 842 11
356 802 387 862 p.
409 780 490 865 478,
518 783 664 864 quamvis
692 787 821 867 praeter
843 803 1027 848 mensuram
1049 781 1137 848 vocis
1159 781 1231 865 ipso
1255 781 1438 845 accusativo

216 961 223 968 ι
290 887 435 951 atotius
459 887 490 951 vi
515 890 694 954 sententiae
718 890 833 956 alieno.
857 928 901 935 —
923 888 986 954 His
1012 893 1120 954 autem
1144 889 1191 952 sic
1214 887 1371 971 expeditis
1392 887 1437 951 al-

289 993 353 1056 teri
376 1016 516 1078 quoque,
545 996 630 1080 quod
653 1019 750 1080 supra
773 997 1008 1082 significabom,
1033 1000 1223 1081 argumento
1246 994 1301 1059 via
1323 998 1439 1080 parato

290 1103 349 1164 est.
395 1097 480 1164 Nam
510 1101 595 1186 quod
624 1102 659 1167 in
686 1124 798 1168 versus
828 1103 915 1169 exitu
935 1103 1095 1168 adiectum
1118 1105 1169 1167 est
1192 1101 1327 1186 ‘plana
1348 1099 1438 1184 uia’,

290 1205 420 1272 facilem
447 1229 533 1273 nunc
561 1209 758 1292 explicatum
781 1209 866 1275 hunc
888 1210 1001 1294 hebet,
1029 1213 1065 1274 ut
1088 1210 1123 1274 in
1146 1209 1218 1293 ipso
1240 1209 1354 1292 plano,
1381 1207 1438 1272 ubi

290 1314 566 1396 munimentorum
597 1315 766 1381 obstacula
793 1316 883 1381 nulla
910 1316 1092 1401 superanda
1120 1315 1201 1398 sint,
1231 1319 1342 1380 tamen
1364 1335 1438 1398 ope·

290 1442 382 1485 rosae
415 1421 748 1487 machinamentorum
781 1423 982 1488 contentioni
1013 1423 1103 1488 locus
1134 1420 1205 1487 dari
1233 1420 1367 1485 dicatur.
1394 1457 1437 1465 —-

289 1526 458 1594 Postremo
482 1529 554 1594 vide
578 1528 667 1614 mihi,
690 1551 787 1614 quam
810 1529 977 1595 commode
1000 1530 1035 1594 in
1057 1528 1259 1614 propositam
1278 1528 1435 1611 interpre-

290 1635 449 1700 tationem
477 1635 558 1700 illud
587 1635 772 1721 conveniat,
800 1635 885 1721 quod
908 1635 1163 1721 ‘reciprocandi'
1186 1635 1292 1720 notio,
1320 1635 1438 1700 sinon

291 1761 422 1824 prorsus
445 1742 578 1827 pariter,
601 1747 636 1808 at
659 1742 811 1808 similiter
833 1743 912 1808 item
936 1743 977 1808 ad
999 1744 1140 1809 telorum
1158 1744 1281 1808 iactum
1300 1741 1438 1805 refertur

290 1850 325 1933 in
356 1847 507 1914 Accianis
540 1849 686 1914 versibus
719 1849 921 1916 Philoctetae
949 1851 1015 1917 545
1034 1873 1081 1936 sq.
1118 1848 1228 1916 Ritu:
1262 1847 1438 1933 ‘reciproca

290 1955 425 2021 tendem
448 1977 548 2020 neruo
572 1955 690 2040 equino
714 1958 841 2023 concita
863 1957 951 2024 tela'.

839 2187 886 2244 1v.

380 2309 496 2377 Festus
525 2336 557 2398 p.
581 2314 660 2398 306,
689 2315 729 2379 31
752 2337 798 2400 sq.
829 2317 881 2380 sat
908 2316 997 2378 certo
1026 2313 1194 2398 suppletus
1219 2333 1258 2377 ex
1281 2312 1439 2396 epitoma:

291 2419 543 2499 ‘[subscudes
564 2421 785 2506 ap]pellantur
798 2425 954 2486 cuneatae
968 2419 1154 2505 (cunerstae
1168 2420 1240 2496 cod,
1253 2440 1327 2484 corr.
1342 2415 1438 2504 Suel.)

290 2526 447 2606 ta[bellac
479 2527 608 2611 quibus]
640 2526 772 2592 tabulae
802 2528 887 2592 inter
917 2549 951 2591 se
980 2507 1215 2612 oonffiguntur,
1243 2525 1347 2610 qui]a,
1375 2546 1439 2610 quo

291 2653 347 2696 eae
366 2633 597 2718 immittuntur,
620 2631 828 2714 [succuditur.
864 2631 1039 2714 Pac]uuius
1058 2632 1093 2696 in
1110 2629 1252 2715 Niptris:
1275 2651 1351 2696 cneo
1370 2630 1440 2694 ulla

291 2738 426 2803 subscus
452 2739 583 2804 cohibet
607 2760 797 2824 compagem
821 2740 932 2804 aluei».
977 2739 1113 2804 Plautus
1136 2739 1172 2802 iu
1194 2737 1350 2802 Astraba:

240 2905 271 2952 11
403 2881 638 2947 Terebrdtus
662 2883 820 2948 multum
847 2881 913 2948 sit:
937 2880 1148 2947 subscudes
1171 2877 1328 2945 oddite'.

290 3025 340 3101 sit,
362 3024 523 3090 obsedes
547 3025 675 3110 scripsi:
697 3028 740 3091 sit
761 3031 791 3091 et
810 3025 972 3092 subscudes
994 3025 1107 3092 codex:
1130 3027 1188 3091 siet
1209 3029 1238 3088 et
1259 3023 1438 3090 :cosmon

290 3127 443 3208 Bothius,
466 3130 521 3195 ubi
545 3131 685 3197 debebat
708 3132 825 3198 saltem
847 3137 890 3198 stt
912 3153 1055 3216 servare,
1078 3153 1273 3218 quamquam
1296 3130 1437 3214 singula·

291 3257 359 3299 rem
392 3259 560 3302 numerum
593 3239 694 3304 babes
728 3261 805 3305 sane
837 3239 873 3304 in
905 3239 1090 3305 Pacuviano
1124 3261 1226 3304 versu.
1256 3276 1299 3284 -
1328 3235 1439 3302 Verba

291 3341 377 3408 heud
409 3344 505 3410 dubie
536 3346 574 3410 de
604 3368 696 3412 servo
725 3346 876 3412 dicuntur
903 3346 944 3412 od
972 3346 1168 3432 supplicium
1196 3344 1348 3411 dedendo.
1392 3343 1439 3408 Et

292 3449 469 3517 ‘terebros’
502 3453 630 3538 quidem
663 3459 801 3540 apparet
832 3455 1023 3541 cogitandos
1051 3475 1122 3518 esse
1149 3453 1326 3538 flagrorum
1354 3473 1437 3518 scor·

290 3557 464 3641 pionumve
493 3563 657 3629 stimulos:
687 3562 772 3628 unde
798 3561 886 3652 ipsas
914 3560 1075 3627 ‘terebras
1098 3559 1282 3625 stimuleas'
1305 3559 1439 3626 Mostel-

291 3664 392 3732 lariae
420 3669 527 3734 versui
551 3669 593 3736 57
622 3669 751 3734 restitui
774 3667 904 3754 Pererg.
932 3691 962 3752 p.
985 3667 1059 3734 483.
1097 3664 1297 3732 ‘subscudes’
1327 3671 1437 3752 autem

291 3771 376 3837 haud
397 3775 463 3841 scio
484 3799 525 3840 an
544 3776 585 3840 ad
604 3775 784 3842 ‘robustum
805 3773 959 3840 oodicem’
978 3775 1071 3840 illum
1085 3771 1271 3838 Plautinum
1286 3771 1437 3858 (Poenuli

292 3878 333 3962 V,
352 3879 382 3962 3,
400 3877 458 3967 34)
482 3883 637 3965 spectent,
660 3884 711 3948 cui
733 3883 840 3968 pedes,
863 3881 1025 3965 bracchia,
1048 3867 1168 3949 cbllum
1192 3880 1437 3966 adstringeban-

291 3988 358 4069 tur,
382 3985 421 4050 de
445 4007 509 4069 quo
532 4009 647 4070 parum
670 3988 801 4054 adrem
825 3989 974 4074 apposite
992 3989 1160 4054 Turnebus
1184 3988 1252 4074 egit
1266 3987 1438 4053 Adversar.

290 4089 415 4176 XXIII,
443 4093 499 4176 21,
529 4091 756 4160 Bentleianum
784 4096 823 4160 de
852 4117 885 4161 se
913 4093 1066 4159 iudicium
1090 4091 1145 4181 (ad
1167 4093 1247 4160 Hor.
1272 4091 1372 4158 serm.
1395 4089 1438 4174 ΙΙ,

292 4200 322 4284 2,
348 4197 424 4285 123)
452 4200 515 4266 hoc
538 4222 665 4286 quoque
689 4200 834 4285 exemplo
858 4201 1083 4284 comprobans.
1106 4237 1150 4246 —
1173 4201 1283 4266 Aliam
1307 4200 1341 4266 in
1365 4221 1437 4283 par·

291 4310 358 4370 tem
386 4307 496 4373 valent
525 4308 565 4372 ab
588 4306 736 4373 Arnobio
759 4305 820 4393 VI,
850 4307 890 4372 16
914 4306 1042 4374 iunctae
1066 4305 1268 4393 subscudes,
1296 4310 1438 4389 catenae,

291 4413 367 4478 unci
395 4417 491 4498 atque
518 4413 671 4480 ansulae'.
695 4451 738 4460 -
761 4410 911 4480 Ceterum
938 4413 1020 4480 nihil
1043 4413 1119 4480 huic
1140 4413 1327 4498 fragmento
1350 4435 1435 4480 com·

291 4542 386 4588 mune
410 4525 460 4586 est
482 4545 555 4588 cum
579 4541 623 4588 vc
