3302 5106
282 360 348 424 390
704 371 752 418 ns
775 372 810 420 n.
833 371 1026 420 vuanours·

280 520 415 583 litaturo
444 516 611 600 scripsisse
634 518 718 580 teste
740 512 913 578 Itinerario
937 515 1028 580 Alex.
1050 512 1094 580 M.
1118 537 1143 580 c.
1168 515 1197 580 6.
1243 515 1333 592 Quae
1357 539 1430 581 cum

280 626 327 689 ita
351 629 470 707 essent,
492 624 618 688 nescire
642 645 677 688 se
700 623 807 687 fassus
826 627 877 686 est
892 621 1081 688 Krahnerus
1101 645 1132 707 p.
1147 623 1199 707 23,
1221 623 1277 688 ubi
1297 624 1430 688 tandem

282 731 391 814 posita
413 730 552 794 luissent
574 730 758 814 fragmenta
782 751 802 794 a
824 729 931 794 Plinio
956 729 1161 813 potissimum
1186 733 1325 815 servata,
1347 753 1431 814 quae

282 838 322 903 ad
347 841 554 902 externarum
577 835 716 918 urbium,
739 835 895 921 gentium,
918 835 1099 921 regionum,
1122 837 1249 901 viarum
1272 837 1430 922 cognitio-

281 967 355 1008 nem
387 945 598 1027 pertinerent.
643 942 702 1006 Elis
732 964 818 1006 nnnc
848 942 938 1007 locus
953 943 1117 1008 inventus
1146 943 1252 1007 estin
1276 964 1430 1027 geome-

281 1052 370 1114 tria.
421 1048 514 1114 Vnde
544 1049 684 1133 primum
715 1069 780 1112 non
813 1048 998 1112 dubitamus
1027 1047 1212 1114 Gallianum
1240 1049 1429 1115 memoriam

282 1161 426 1240 repetere
449 1157 488 1240 X,
514 1158 546 1220 7:
575 1157 675 1221 Varro
698 1161 800 1220 antem
823 1175 893 1220 curn
915 1158 951 1220 de
967 1145 1059 1239 parte
1081 1157 1176 1240 orba,
1198 1179 1277 1239 quiae
1300 1157 1431 1238 Europa

282 1266 407 1347 dicitur,
430 1264 600 1346 dissereret,
623 1265 658 1328 in
681 1264 779 1328 tribiis
796 1263 913 1344 prioris
935 1264 1000 1328 eius
1024 1269 1122 1328 arrae
1143 1264 1326 1345 fluminibus
1348 1262 1429 1327 Rho

282 1372 400 1435 danum
427 1391 488 1434 esse
504 1371 603 1453 ponit.
649 1369 719 1445 Quo
742 1373 852 1434 tamen
875 1369 1008 1434 minime
1031 1372 1194 1454 pertinent
1222 1372 1373 1436 Varronis
1395 1371 1429 1435 in

282 1478 414 1559 Europa
441 1476 540 1540 verba
567 1499 587 1540 a
608 1475 705 1540 Festo
728 1498 758 1560 p.
783 1475 845 1540 381
872 1475 914 1540 M.
939 1476 1041 1542 allata
1063 1483 1163 1544 tntum
1184 1479 1240 1544 sub
1263 1479 1329 1543 sede
1349 1477 1429 1558 suis·

282 1587 356 1666 sent,
385 1605 466 1666 quae
495 1585 640 1648 extrema
663 1587 738 1647 sunt
761 1583 950 1666 hexametri,
972 1584 1078 1667 petita
1101 1588 1209 1649 autem
1233 1605 1250 1647 e
1274 1583 1309 1647 P.
1333 1582 1430 1647 Var-

284 1689 388 1754 ronis
417 1689 573 1754 Atacini
607 1687 853 1773 Chorographia
885 1689 952 1754 sive
986 1688 1254 1775 Oosmographia,
1286 1692 1322 1753 ut
1353 1694 1430 1773 post

283 1796 510 1861 ltuhnheuium
547 1796 653 1880 Epist.
690 1796 759 1860 crit.
791 1795 823 1859 ΙΙ
856 1819 886 1880 p.
920 1797 985 1860 200
1024 1796 1189 1879 perspexit
1221 1795 1430 1861 Wuellnerus

283 1927 313 1988 p.
332 1903 385 1966 23.
423 1899 472 1965 cf.
494 1900 661 1965 Hertzium
686 1901 724 1964 de
748 1899 868 1965 Cinolis
892 1925 923 1985 p.
942 1901 994 1966 37.
1031 1901 1243 1968 Memorabile
1266 1907 1317 1967 est
1336 1903 1430 1986 euim,

284 2009 402 2092 triplici
437 2007 582 2090 exemplo
610 2007 742 2072 Reatini
774 2007 992 2072 imitationem
1024 2031 1178 2092 apparere
1210 2009 1242 2074 in
1276 2009 1431 2074 Atacino:

285 2112 574 2199 Cormographiae,
604 2112 853 2196 EphemeridoS,
877 2113 915 2177 de
939 2136 1003 2198 qua
1025 2115 1107 2179 dixit
1129 2114 1289 2202 Bergkius
1313 2117 1334 2180 l.
1354 2137 1378 2180 s.
1397 2138 1431 2198 a,

285 2229 317 2287 et
342 2221 535 2298 Satirarum,
563 2219 592 2284 si
619 2219 715 2285 modo
746 2218 825 2284 fides
849 2218 1029 2286 Horatiano
1054 2220 1249 2288 scholiastae
1273 2223 1307 2287 in
1330 2220 1430 2287 Serra.

284 2329 310 2412 I,
335 2330 386 2412 10,
408 2329 459 2392 46.

375 2437 404 2500 2.
451 2433 604 2498 Omnium
629 2437 738 2498 autem
760 2435 901 2498 maxime
924 2433 1084 2500 Varronis
1108 2435 1333 2520 geographicis
1352 2435 1432 2500 Pli-

285 2542 372 2605 nius
396 2561 472 2604 usus
496 2545 546 2604 est
569 2540 603 2604 in
625 2539 777 2605 Naturali
800 2540 952 2624 historia,
981 2542 1021 2606 iis
1045 2541 1175 2626 quidam
1198 2543 1292 2608 libris
1315 2543 1432 2628 quibus

286 2646 445 2712 contineri
477 2645 580 2710 voluit
606 2647 698 2728 situs,
724 2653 839 2730 penus,
867 2649 985 2727 naria,
1016 2649 1142 2732 oppidu
1163 2654 1286 2732 ponus,
1309 2655 1433 2734 monna

285 2755 428 2836 strumina,
450 2773 620 2830 menemus,
637 2753 769 2836 pqnlos
791 2755 846 2836 qui
866 2760 941 2819 sunt
961 2760 1018 2820 aut
1038 2756 1174 2835 sunnin,
1196 2755 1228 2819 h.
1248 2776 1274 2820 e.
1297 2779 1317 2820 a
1335 2755 1432 2820 tertio

287 2861 327 2925 ad
355 2863 489 2924 sextum.
534 2857 657 2924 Eorum
686 2859 788 2944 igitur
811 2861 957 2926 ordinem
981 2861 1139 2927 librorum
1162 2863 1197 2926 iu
1222 2861 1432 2944 excerpendis

288 2967 502 3032 Varronianis
525 2966 721 3030 testimoniis
744 2989 805 3032 nos
826 2989 952 3052 quoque
972 2969 1147 3053 sequimur,
1171 2967 1322 3052 ascriptis
1341 2989 1434 3052 prae·

288 3079 337 3138 ter
374 3073 530 3138 librorum
568 3073 774 3158 capitumque
810 3097 961 3140 numeros
998 3076 1211 3161 paragraphis
1245 3073 1433 3160 Silligianis.

288 3179 370 3244 Plin.
398 3177 461 3261 III,
488 3179 507 3242 1
542 3181 562 3258 ξ
586 3179 619 3244 8:
662 3179 706 3243 In
732 3181 909 3246 uniuersam
938 3183 1133 3266 Hispaniam
1163 3183 1211 3248 M.
1241 3183 1341 3248 Varro
1362 3203 1433 3264 per·

288 3287 403 3351 venisse
425 3283 534 3366 iberos
561 3289 591 3348 et
612 3284 726 3350 Persas
751 3291 780 3350 et
801 3287 971 3354 Phoenicas
994 3289 1151 3372 Celtasquo
1178 3295 1207 3356 et
1229 3290 1346 3354 Pontos
1369 3293 1431 3352 tra·

249 3413 275 3452 a
288 3394 350 3456 dit:
383 3391 485 3456 lusum
516 3393 599 3455 enirn
627 3390 771 3477 (erunt)
803 3393 908 3458 Liberi
928 3398 1033 3477 putris
1059 3403 1116 3462 aut
1142 3393 1271 3462 λύσσαν
1305 3415 1374 3461 arm
1401 3415 1434 3459 eo

290 3491 502 3562 bacchantium
524 3517 633 3561 nonren
655 3499 770 3563 dedisse
787 3499 979 3583 laninam
1001 3507 1029 3567 ct
1046 3503 1140 3568 Pana
1156 3503 1347 3586 praesecutor
1369 3501 1435 3566 eiras

289 3607 464 3669 aniversae:
497 3603 536 3668 de
567 3625 702 3688 quorum
737 3605 897 3690 scriptura
925 3609 964 3672 ct'.
989 3607 1160 3694 Silligium.
1184 3647 1226 3654 —
1249 3608 1310 3692 Ill,
1333 3609 1368 3692 5,
1390 3607 1435 3674 45

291 3711 351 3812 (cf,
364 3711 519 3777 Marcian.
533 3733 563 3795 p.
579 3712 671 3797 205):
695 3713 790 3778 Abest
813 3713 939 3800 (ltalia)
963 3737 984 3778 a
1006 3716 1204 3780 cirarmdatis
1227 3716 1318 3779 terr-is
1336 3713 1436 3778 Istria

291 3840 328 3883 ac
349 3819 505 3883 Liburnia
527 3819 710 3899 quibusdam
733 3820 806 3884 loeis
828 3825 952 3884 centem
974 3819 1018 3885 M
1031 3841 1125 3902 pass,
1148 3821 1187 3886 ab
1210 3823 1311 3902 Epiro
1333 3825 1362 3884 ct
1384 3819 1434 3884 Il·

291 3925 385 4007 lyrico
398 3926 633 4008 quinquaqinta,
650 3926 690 3990 ab
707 3926 822 4006 Attica
843 3928 948 3992 minsis
966 3925 1020 3992 00
1034 3931 1070 3990 nt
1086 3933 1193 3992 arator
1209 3933 1253 3993 est
1265 3927 1314 3992 Μ.
1327 3927 1435 4010 Varro,

291 4033 329 4096 ab
352 4031 505 4096 Sardinia
528 4031 625 4096 OXX
645 4033 694 4110 M,
726 4033 764 4098 ab
787 4033 897 4098 Sicilia
919 4033 964 4098 M
979 4031 1114 4116 00000,
1145 4055 1167 4098 a
1185 4032 1310 4100 aaran
1332 4035 1436 4097 minuis

292 4137 437 4222 LXXX,
466 4137 505 4203 ab
527 4138 600 4203 issa
626 4139 859 4222 quinquaqinta.
883 4177 924 4186 —
948 4137 1006 4222 111,
1032 4141 1081 4223 10,
1104 4139 1160 4204 95:
1189 4139 1279 4204 Patet
1301 4136 1436 4224 (Magna

294 4243 442 4328 Graecia)
470 4245 621 4328 nonanta
643 4267 696 4310 sen
719 4246 763 4310 M
775 4266 873 4328 pass,
905 4250 940 4310 ut
962 4251 1068 4311 auctu
1089 4251 1132 4310 est
1160 4247 1274 4322 Vana·
1297 4246 1437 4327 plerique

293 4351 484 4415 LXXVM
500 4353 601 4431 fecero.
626 4388 668 4397 —
701 4351 763 4433 Ill,
790 4353 843 4434 12,
869 4352 931 4416 109
959 4351 1013 4438 (cf.
1038 4351 1135 4418 Solin.
1159 4373 1184 4417 c.
1208 4354 1228 4416 2
1251 4349 1360 4433 med.):
1393 4348 1437 4414 In

295 4477 369 4542 apro
391 4457 524 4523 Manio
547 4458 681 4526 Cutiliae
708 4459 822 4536 nain,
854 4459 889 4522 in
914 4479 974 4541 quo
1000 4459 1123 4540 fluanet
1150 4458 1254 4524 irrsula
1276 4457 1330 4541 (of.
1353 4457 1393 4522 de
1416 4457 1437 4523 l.
