3274 5114
611 372 893 422 commnrnmvs.
1256 359 1320 424 261

264 517 371 580 Versu
393 515 428 582 10
458 515 614 581 Afranii
644 515 808 582 senarium
836 515 1013 582 multitudo
1041 516 1199 582 librorum
1221 519 1322 584 talem

174 621 331 708 prodidit:
353 622 492 686 Terentio
510 642 573 687 aon
591 621 724 690 amiam
742 621 845 687 dicem
862 622 1046 704 qawmprom.
1084 620 1122 686 In
1141 622 1193 688 his
1211 625 1322 688 tamen

177 728 257 793 mihi
280 750 339 794 nec
361 729 477 810 dicem,
509 748 569 790 nec
591 726 677 810 quod
700 749 759 810 pro
783 749 821 792 eo
843 727 909 792 iam
933 729 1058 794 veteres
1082 728 1223 794 editores
1247 731 1321 794 sub-

176 835 354 902 stituerunt
376 837 468 914 dices,
492 838 544 900 sat
567 833 734 899 commode
757 856 854 918 posse
877 833 1021 919 expediri
1044 833 1150 900 visum
1173 838 1232 902 est.
1277 835 1322 902 nt

177 945 304 1008 tantum
329 941 459 1027 quidem
482 939 717 1006 dubitationem
740 940 794 1004 vix
817 939 931 1025 habet,
955 941 1031 1026 quin
1054 943 1090 1007 in
1113 942 1224 1009 eodem
1248 965 1320 1028 pro-

174 1047 250 1132 logo
274 1047 403 1113 fabulae
427 1050 460 1112 et
482 1047 530 1112 illi
554 1046 660 1112 versui
682 1045 772 1110 locus
794 1045 895 1112 fuerit
913 1050 946 1111 et
963 1047 1015 1112 his
1034 1070 1115 1132 qnos
1132 1048 1320 1126 Macrobius

173 1153 317 1218 servavit
346 1151 473 1218 Satura.
495 1169 545 1235 vr,
571 1154 602 1234 1,
625 1151 647 1214 4
676 1149 776 1236 (apud
798 1150 1013 1218 Ribbeekium
1036 1177 1067 1237 p.
1093 1153 1184 1240 144):
1211 1156 1320 1237 fatcor,

173 1261 291 1341 sivrapai
313 1280 376 1324 corr
398 1259 437 1324 ab
459 1259 514 1324 illc
532 1259 630 1335 modo,
653 1255 714 1322 Sed
730 1261 766 1322 at
782 1258 909 1339 quisque
924 1257 1034 1324 babuit
1050 1262 1224 1326 couaeairct
1240 1263 1322 1344 qaod

173 1367 260 1444 ovili,
284 1367 372 1446 Quod
392 1385 440 1430 me
461 1385 526 1432 aon
541 1383 632 1447 posse
649 1364 759 1430 maias
774 1365 875 1444 facere
892 1364 1015 1442 medai,
1033 1365 1144 1430 Etiam
1162 1367 1319 1432 aLeduc.

173 1473 210 1538 In
226 1474 359 1558 prologo
374 1474 493 1555 autem,
512 1493 575 1554 quo
594 1470 659 1554 ipsi
677 1470 916 1553 compellantur
934 1474 1144 1555 spectatores,
1164 1493 1318 1556 quorsum

173 1579 334 1662 pertinere
363 1577 508 1660 potuisse
531 1595 701 1640 numerum
724 1575 816 1640 verbi
840 1576 1039 1660 singularem
1062 1577 1142 1644 dicas
1164 1580 1318 1662 putabis?

173 1684 266 1760 Quod
297 1683 490 1768 intellegens
513 1682 654 1748 Rothius
685 1705 758 1748 cum
787 1683 822 1746 in
853 1682 978 1766 primae
1008 1704 1166 1766 personae
1195 1685 1319 1750 formas

172 1789 297 1872 ‘fatcor'
321 1787 467 1872 ‘areima’
491 1788 633 1854 ‘amali’
657 1789 786 1874 egregie
809 1787 968 1872 quadrare
990 1790 1092 1854 does
1110 1791 1318 1874 participium

172 1897 385 1962 ratiocinatur
416 1920 447 1981 p.
472 1897 550 1980 185,
582 1916 649 1961 non
682 1896 787 1980 magis
819 1894 1001 1978 persuadet.
1052 1894 1121 1960 Nec
1153 1895 1240 1961 enim
1271 1897 1319 1962 ita

171 2005 273 2070 dices
300 2002 409 2086 potins
439 2005 658 2086 exspectatur,
690 2001 775 2086 quod
797 2023 913 2086 parum
937 2001 1108 2066 facundiae
1131 2000 1319 2068 habiturum

174 2109 226 2192 sit,
249 2131 345 2192 quam
365 2105 587 2174 ‘existimans'
611 2106 836 2193 ‘intellegens'
860 2106 1036 2172 ‘sentiens'
1055 2108 1107 2173 vel
1130 2107 1252 2194 aliquid
1276 2110 1317 2174 si·

169 2214 262 2280 mile:
284 2236 353 2299 nec,
376 2213 458 2280 illud
481 2214 509 2280 si
532 2214 716 2298 toleremus,
739 2214 806 2278 ullo
830 2213 926 2280 modo
949 2215 1145 2298 perspicitur
1164 2237 1227 2299 quo
1246 2219 1316 2282 tan-

171 2320 244 2384 dem
276 2319 484 2388 construendi
515 2319 642 2386 vinculo
673 2341 745 2384 oum
775 2318 900 2404 primas
930 2341 1088 2403 personae
1117 2320 1224 2385 verbis
1252 2321 1317 2386 illis

173 2426 259 2492 coire
281 2427 376 2492 buius
400 2426 435 2490 in
458 2447 522 2511 quo
545 2447 712 2490 versamur
735 2446 847 2490 versus
871 2425 1032 2490 sententia
1055 2425 1206 2509 potuerit.
1250 2425 1317 2491 Ita-

170 2553 230 2616 que
263 2532 416 2615 qnoniam
448 2531 689 2596 enuntiatorum
722 2531 800 2595 talis
832 2531 1063 2614 conformatio,
1099 2553 1182 2616 quae
1213 2533 1367 2600 discussas

169 2636 378 2722 participium
406 2639 480 2720 apte
509 2635 710 2719 admitteret,
743 2635 873 2702 omnino
901 2637 935 2702 in
962 2640 1118 2722 promptu
1144 2659 1210 2704 non
1238 2644 1317 2723 erat,

170 2743 272 2808 satine
296 2742 371 2808 duxi
395 2765 432 2808 ex
456 2764 495 2808 ea
518 2743 679 2827 scriptura
701 2741 843 2827 efficere,
867 2743 951 2827 quod
975 2743 1073 2829 longe
1096 2745 1316 2810 commodissi-

170 2871 259 2914 mum
291 2850 488 2933 explicatum
519 2848 669 2932 haberet,
700 2849 808 2926 dicae,
840 2849 1032 2932 praesertim
1064 2869 1138 2914 cum
1167 2870 1316 2915 causeam

169 2957 286 3022 erroris
318 2956 398 3021 satis
429 2958 576 3040 apertam
608 2955 725 3039 exiguo
756 2953 929 3020 intervallo
959 2955 1155 3038 praecedens
1183 2955 1317 3022 scribere

169 3062 376 3147 participium
399 3066 583 3128 monstrare
607 3060 778 3126 videretur.
794 3097 835 3108 -
851 3060 973 3126 Verum
992 3061 1054 3126 hoe
1073 3061 1189 3127 levius:
1211 3062 1315 3127 multo

169 3168 314 3252 graviori
333 3168 504 3234 offensioni
524 3188 597 3232 cnm
615 3167 725 3234 dativo
740 3171 962 3234 constructum
976 3168 1109 3234 simam
1123 3169 1315 3235 vocabulum

169 3274 240 3338 fuit.
285 3271 354 3338 Nec
383 3273 471 3338 enim
499 3274 600 3338 alium
627 3274 691 3338 nisi
714 3275 900 3359 genetivum
923 3296 1033 3340 casum
1055 3273 1091 3338 in
1113 3274 1176 3342 boc
1199 3295 1315 3360 genere
1367 3287 1375 3304 ¹

170 3379 370 3464 antiquiores
398 3381 569 3464 probasse,
600 3379 710 3444 dedita
738 3402 837 3464 opera
866 3381 943 3446 olim
968 3381 1188 3446 demonstravi
1210 3380 1315 3446 Musei
1452 3421 1453 3426 .

170 3485 274 3551 nostri
308 3477 508 3573 philologici
533 3485 595 3550 vol.
625 3503 676 3552 vn
703 3507 734 3569 p.
762 3486 828 3552 584
851 3508 919 3570 sqq.
947 3491 980 3550 et
1006 3505 1068 3554 vm
1100 3509 1131 3571 p.
1160 3488 1222 3552 159
1246 3509 1314 3571 sqq.

169 3589 235 3656 Vbi
266 3593 431 3677 congestis
463 3613 480 3656 e
510 3590 626 3656 Plauto
658 3594 690 3656 et
717 3591 867 3657 Terentio
898 3593 1054 3677 exemplis
1083 3592 1163 3658 adde
1191 3615 1209 3656 e
1235 3591 1314 3657 Rib-

169 3697 335 3762 beckiauis
359 3699 462 3782 copiis
480 3699 696 3781 parasitorum
713 3697 796 3762 simil
813 3703 858 3764 est
874 3697 992 3764 Naevii
1011 3721 1038 3762 v.
1049 3699 1103 3781 60,
1119 3699 1212 3780 pareri
1229 3699 1315 3764 sano

168 3824 199 3868 es
221 3803 321 3870 Novii
345 3825 374 3868 v.
388 3805 440 3886 62,
462 3805 595 3887 sepulcri
615 3804 729 3870 similes
751 3801 881 3868 Laberii
904 3826 933 3868 v.
950 3804 1022 3889 124,
1044 3804 1108 3870 ueri
1129 3803 1231 3868 aaa&
1253 3803 1314 3870 Pa·

169 3909 254 3975 cuvii
279 3931 307 3973 v.
318 3909 393 3993 374,
415 3909 495 3975 aad
517 3909 626 3976 lteram
647 3909 778 3976 mmikst
799 3909 916 3994 tragici
939 3909 1053 3975 incerti
1077 3933 1105 3976 v.
1116 3910 1189 3976 206.
1217 3909 1313 3976 Eam-

169 4037 231 4101 que
255 4015 462 4081 construendi
486 4015 591 4100 legem
614 4016 787 4082 Afranium
815 4037 942 4102 quoque
965 4037 1111 4082 servasse
1134 4015 1313 4092 certissimo

169 4124 362 4189 documento
385 4125 479 4198 vetus
502 4121 668 4188 Parisinus
692 4127 752 4206 est,
774 4123 807 4186 in
831 4144 895 4207 quo
919 4122 990 4206 ipse
1014 4144 1109 4206 quem
1132 4121 1313 4206 expetimus

168 4231 337 4314 genetivus
362 4231 469 4294 exstat
491 4231 618 4294 terentii.
653 4229 755 4304 Quem
775 4228 927 4312 quoniam
941 4227 1098 4293 Afranius
1116 4249 1182 4292 non
1205 4227 1315 4310 potuit

168 4335 233 4400 nisi
256 4335 361 4400 tribus
385 4333 522 4418 syllabis
547 4333 672 4418 efferre,
700 4335 795 4400 unius
826 4355 908 4419 quae
936 4333 1000 4398 iam
1024 4333 1225 4398 desideratur
1248 4333 1313 4417 syl·

168 4441 262 4507 labae
285 4441 411 4508 iactura
435 4439 609 4506 curandum
634 4441 704 4506 erat
725 4442 762 4504 ut
785 4438 949 4523 probabili
972 4439 1157 4504 coniectura
1178 4439 1313 4504 resarci-
