3302 5106
589 415 860 464 urscsemnaavn
884 415 1006 462 ursaia.
1300 397 1364 460 401

224 580 295 622 ram
318 563 454 622 navaret
477 580 583 642 suam,
607 560 726 645 quippe
750 581 830 644 quos
853 557 1024 642 probabile
1047 557 1091 620 sit
1114 557 1188 619 octo
1211 576 1368 620 novemve

226 665 320 729 annis
351 671 428 749 post
457 665 557 732 libros
588 667 626 732 de
657 689 691 732 re
721 666 841 731 rustica
871 687 941 729 esse
972 663 1153 746 absolutos,
1185 661 1224 724 de
1252 662 1368 746 quibus

224 772 328 854 ipsius
356 776 464 837 exstat
490 774 523 838 iu
551 773 753 858 praefatione
780 771 1013 837 testimonium.
1058 769 1143 833 Hinc
1166 773 1275 833 autem
1299 769 1369 833 fieri

225 878 409 946 coniectura
436 885 558 965 potest,
586 903 683 966 quam
711 883 857 944 maturae
881 883 913 942 et
935 881 1103 962 tamquam
1127 880 1370 942 consummatae

226 985 417 1051 eruditionis
440 987 603 1052 thesauris
625 985 661 1050 hi
684 985 891 1069 potissimum
914 984 991 1048 libri
1015 983 1126 1047 referti
1150 982 1280 1050 fuerint.

679 1198 917 1208 ———

316 1357 395 1424 Sero
428 1361 636 1446 Koppianam
675 1359 850 1424 editionem
882 1357 1040 1422 Marciani
1072 1355 1224 1440 Capellae
1256 1362 1371 1423 nactus

228 1465 294 1528 vidi
318 1465 542 1532 Varronianae
570 1467 736 1532 doetrinae
764 1466 904 1550 vestigia
926 1465 961 1529 in
984 1463 1151 1528 Marciano
1175 1463 1210 1529 O.
1234 1463 1267 1529 F.
1291 1463 1371 1528 Her-

228 1594 380 1636 maunum
405 1595 532 1657 quoque
556 1573 728 1658 agnovisse
751 1571 850 1654 praef.
875 1593 905 1654 p.
928 1568 999 1654 XX,
1022 1569 1129 1652 ipsum
1153 1573 1259 1634 aulem
1285 1570 1372 1654 Kop-

228 1679 317 1761 pium
342 1679 466 1761 pariter
493 1701 530 1743 aa
557 1700 617 1743 nos
641 1680 661 1758 ξ
686 1678 721 1760 6,
748 1677 943 1759 lympharum
966 1676 1087 1744 inscrlas
1109 1675 1142 1738 in
1165 1677 1373 1758 nymphaeam

228 1785 426 1850 convertisse
448 1807 479 1868 p.
504 1785 577 1850 722.
801 1784 807 1790 “

317 1945 490 2011 Praeterea
521 1945 789 2029 permemorabile
822 1945 975 2030 quiddam
1004 1944 1184 2009 addendum
1213 1945 1305 2023 est§
1332 1944 1373 2007 12

229 2048 505 2134 disputationibus
522 2052 653 2116 nostris.
685 2051 782 2116 Forte
802 2052 887 2116 enirn
904 2051 1037 2116 fortuna
1051 2051 1084 2116 in
1097 2050 1241 2116 Walchii
1256 2050 1372 2115 Emeu-

229 2155 376 2222 dationes
399 2157 551 2224 Livianae
574 2159 717 2224 incidens
740 2182 771 2243 p.
789 2161 851 2223 172
866 2182 913 2243 sq.
937 2181 978 2231 ea
1001 2158 1109 2241 posita
1131 2158 1268 2241 repperi,
1291 2179 1373 2240 quae

230 2265 309 2328 mihi
333 2287 398 2329 non
422 2269 567 2349 tempero
591 2266 668 2351 quin
692 2266 863 2329 ascribam.
893 2263 975 2329 Sunt
998 2267 1106 2328 autem
1130 2264 1223 2327 haec:
1247 2263 1374 2344 lneipne

229 2377 273 2434 ccl
294 2368 456 2456 (lacunae)
480 2372 651 2452 eannplnm
674 2370 834 2432 Prisciani
857 2369 907 2432 lib.
922 2368 946 2432 Ι
959 2391 993 2451 p.
1007 2371 1071 2434 546
1095 2368 1217 2433 Pcclsclc.
1241 2366 1375 2432 ‘Accidil

229 2469 326 2558 aditur
348 2477 467 2540 litterae
488 2497 612 2552 minen,
633 2476 783 2558 pelosiae,
809 2475 921 2558 fipnra.
968 2475 1103 2554 Nomen,
1134 2476 1227 2540 velnli
1249 2496 1278 2539 a.
1301 2475 1327 2539 b.
1350 2495 1374 2538 c.

230 2581 276 2644 El
301 2588 375 2646 ncnl
400 2581 632 2645 indeclinabilia
658 2581 872 2646 elencenlorncn
894 2583 1023 2647 nomina
1046 2587 1110 2647 lacn
1132 2584 1218 2664 ajncd
1240 2581 1375 2648 Graecos

230 2707 325 2767 qnam
354 2687 442 2768 apud
469 2687 619 2752 Latinos:
650 2688 713 2752 sice
743 2689 825 2769 qnod
853 2709 874 2752 a
904 2688 1045 2752 barbaris
1074 2689 1200 2753 inventa
1228 2691 1373 2754 dicuntur

232 2790 328 2873 (palad
352 2797 381 2857 el
406 2793 536 2857 ostendit
567 2807 701 2863 VARRO
729 2795 765 2859 in
791 2795 920 2860 secando
947 2795 983 2858 de
1010 2795 1193 2876 antiquitate
1216 2795 1376 2858 literarum

233 2901 340 2965 clocas
367 2900 475 2983 linpsca
498 2898 726 2966 Chalclacornm
753 2901 949 2984 sinpnlacnm
980 2902 1109 2965 nomina
1142 2903 1303 2966 literarum
1334 2903 1378 2965 ad

231 3028 340 3072 earnm
360 3007 481 3088 famas
503 3027 565 3073 csse
584 3007 702 3092 saelum
725 3013 754 3072 el
774 3028 811 3072 aa
828 3007 877 3073 lais
895 3012 1009 3072 certam
1027 3008 1098 3090 ficri
1115 3028 1164 3072 cos
1182 3027 1244 3072 csse
1255 3007 1377 3088 primos

231 3120 369 3179 auctorne
398 3114 604 3198 litterarum.)
632 3116 694 3180 siae
722 3117 804 3198 qnod
831 3115 986 3198 simplicia
1012 3115 1085 3180 hacc
1111 3121 1139 3179 cl
1164 3113 1289 3179 stabilia
1317 3134 1377 3178 csse

232 3221 352 3286 clelcnl'
375 3228 427 3288 cic.
479 3223 630 3288 Varronis
653 3224 764 3310 locum,
795 3245 855 3305 pico
882 3245 986 3289 annas
1008 3227 1112 3287 carent
1134 3221 1293 3286 Prisciani
1315 3223 1376 3285 ccli-

233 3331 342 3406 lionc3‚
369 3331 458 3394 addit
479 3329 801 3395 MS.'Gcnnriannm
823 3351 908 3394 nnnc
929 3327 1275 3412 hindana-Batavum,
1297 3329 1379 3410 qnod

232 3434 341 3499 labnil
361 3437 482 3516 qnidam
507 3435 680 3514 Pnlsclcins,
702 3438 756 3501 scd
776 3458 835 3518 qno
858 3437 994 3519 propter
1016 3437 1188 3518 sareptenae
1209 3435 1377 3517 difficalta-

234 3541 307 3623 lcnc)
336 3540 590 3622 neplcpcnlissince
617 3561 694 3605 nens
722 3546 773 3605 eal.
832 3541 949 3605 Locum
978 3542 1044 3607 mm
1067 3545 1201 3625 prolnlil
1229 3543 1377 3607 Bondam

242 3646 314 3710 Van.
328 3646 409 3710 Lecl.
423 3646 473 3732 ῌ,
496 3652 537 3712 13
554 3669 588 3730 p.
602 3652 676 3726 296,
699 3648 752 3712 scd
772 3648 848 3712 aaa
870 3653 1018 3730 coempta,
1040 3655 1076 3714 nl
1098 3651 1286 3714 ernendalins
1309 3670 1378 3712 ncnc

230 3752 369 3833 punisse
399 3754 526 3818 minime
550 3755 714 3836 poeniteat.
760 3751 960 3818 Gravissima
992 3755 1094 3840 igitur
1124 3755 1378 3839 planissimeque

234 3859 425 3924 documento
449 3861 515 3924 iam
538 3864 709 3945 utrumque
727 3855 949 3945 confirmatur,
972 3864 1005 3926 et
1026 3861 1223 3945 peculiarem
1246 3883 1378 3946 oporam
1392 3883 1418 3924 aa

235 3965 417 4032 Varronem
444 3967 479 4030 in
507 3967 692 4033 litterarum
720 3967 902 4033 rationibus
931 3967 1130 4052 explicandis
1158 3970 1318 4054 posuisse,
1347 3973 1380 4033 et

235 4095 307 4138 eam
320 4094 387 4139 non
401 4095 474 4158 uno,
497 4073 554 4138 sed
572 4073 720 4158 pluribus
734 4075 827 4139 libris
842 4079 1037 4142 contentam.
1070 4075 1251 4162 Vtrumque
1270 4081 1379 4142 autem

235 4203 307 4244 cum
331 4201 463 4263 prorsus
487 4179 521 4243 in
546 4179 712 4244 simillima
734 4182 922 4246 testimonia
944 4183 1003 4246 illa
1026 4183 1134 4266 cadat,
1155 4167 1275 4266 ‘quibus
1298 4182 1379 4248 Var-

234 4287 323 4352 ronis
354 4287 391 4351 de
421 4287 539 4370 oripinc
571 4276 694 4368 linquae
721 4287 837 4351 latinae
865 4289 957 4352 libros
981 4289 1151 4372 Apuleius,
1183 4291 1227 4353 ad
1247 4289 1378 4355 Accium

235 4394 328 4458 libros
349 4393 523 4478 Pompeius
552 4398 858 4478 commemorarunt,
887 4394 962 4479 quid
990 4416 1111 4478 quaeso
1139 4395 1179 4459 ad
1203 4397 1378 4480 probabili-

235 4505 336 4564 tatem
355 4501 489 4584 propius
507 4503 616 4586 potest
630 4499 779 4565 accedere
794 4523 890 4586 quam
906 4500 1034 4566 eosdem
1050 4503 1160 4586 libros,
1179 4525 1258 4587 quos
1274 4503 1379 4570 Varro

290 4625 330 4658 ra
346 4626 495 4660 arracsnau
510 4625 644 4663 orvscvns
664 4627 704 4660 ru.
1132 4614 1167 4664 ‘26
