3288 5100
343 351 407 416 558
665 368 782 415 osana
805 355 949 416 vnauo's
974 370 1151 417 rusoruvu

343 532 476 593 prorsus
503 511 536 574 in
560 509 757 575 Graecorum
780 511 1064 596 Romanorumque
1092 511 1185 577 libris
1209 513 1413 598 singulorum
1436 537 1498 579 ca·

343 618 447 700 pitum
476 617 739 682 distributionem
765 619 926 685 neminem
959 624 1027 683 tam
1059 619 1128 684 fore
1156 619 1303 704 ineptum
1335 625 1499 704 putamus

344 723 399 807 qui
422 723 474 788 vel
497 724 642 807 requirat
664 723 714 787 vel
739 729 912 808 exspectet.
961 742 964 751 ·

433 829 602 906 Quartae
631 835 740 894 autem
765 832 878 896 classis
907 832 969 896 etsi
992 853 1051 896 nec
1074 833 1275 916 coryphaeos
1303 854 1363 896 nec
1391 839 1498 916 caput

343 941 605 1023 praerogativum
632 939 794 1022 novimus,
822 944 932 1003 tamen
956 941 1007 1004 vel
1034 939 1087 1003 hic
1114 939 1226 1004 licebit
1250 961 1287 1002 ex
1316 939 1377 1022 eis,
1406 961 1495 1022 quae

344 1043 510 1108 commode
530 1043 598 1107 fieri
617 1066 692 1108 non
716 1045 891 1128 potuerint,
915 1045 1134 1110 coniecturam
1153 1045 1192 1109 de
1212 1067 1250 1109 eo
1270 1066 1384 1127 capere
1402 1044 1493 1129 quod

345 1172 414 1214 esse
439 1150 561 1214 factum
585 1151 652 1214 veri
671 1151 776 1214 simile
795 1151 847 1214 sit.
880 1149 979 1215 Velut
1002 1151 1094 1216 face
1117 1149 1320 1234 philosophis
1338 1171 1493 1216 exorsum

345 1278 415 1320 esse
443 1255 623 1321 Varronem
650 1256 684 1320 in
712 1279 814 1340 eoque
843 1279 960 1342 genere
993 1258 1116 1341 primas
1146 1257 1226 1322 satis
1254 1279 1312 1340 per
1339 1279 1374 1320 se
1401 1263 1493 1320 recte

344 1361 474 1426 Platoni
499 1361 633 1426 dedisse.
675 1363 722 1428 At
744 1363 830 1428 hunc
850 1364 944 1427 unius
968 1365 1076 1447 potius
1100 1363 1311 1428 hebdomadis
1333 1363 1493 1427 societate

344 1491 417 1532 cum
435 1468 625 1553 Pythagora
643 1474 677 1533 et
695 1469 874 1534 Aristotele
893 1469 1161 1552 comprehensum
1184 1469 1285 1534 lirisse
1304 1467 1493 1552 Symmachi

345 1596 425 1660 quae
450 1598 474 1639 s.
498 1597 522 1638 s.
546 1597 569 1638 s.
593 1576 693 1640 verba
719 1575 806 1640 haud
835 1576 981 1658 proiecto
1010 1576 1073 1640 levi
1101 1575 1220 1640 indicio
1245 1580 1329 1640 sunt.
1370 1574 1433 1639 Vel
1454 1575 1492 1638 in

343 1680 489 1745 Platonis
523 1680 629 1744 locum
663 1679 831 1746 Socratem
864 1683 1039 1765 substitue,
1072 1682 1127 1766 qui
1160 1682 1222 1746 etsi
1254 1682 1394 1765 scriptor
1423 1702 1493 1746 non

342 1787 417 1870 fuit,
441 1791 549 1851 tamen
574 1791 610 1851 ut
633 1787 843 1871 gravissimus
867 1792 982 1852 auctor
1007 1787 1235 1871 philosophiae
1259 1792 1388 1872 praeter
1411 1787 1490 1851 soli-

342 1899 411 1958 tum
435 1894 584 1976 princeps
607 1894 764 1976 praeponi
791 1895 906 1978 potuit.
943 1899 989 1958 At
1012 1894 1060 1959 ite
1083 1917 1178 1978 quem
1195 1894 1328 1960 tandem
1346 1893 1393 1957 illi
1413 1914 1490 1958 con-

343 1998 421 2062 ferri
454 2021 470 2062 e
503 1998 660 2062 Romanis
698 2001 844 2081 potuisse
878 2001 1030 2084 putabis?
1072 1999 1158 2064 Nam
1192 2005 1228 2066 ut
1260 1999 1372 2084 paucis
1403 2021 1492 2064 com·

343 2105 537 2188 plectamur,
570 2105 702 2169 omnino
730 2127 794 2170 non
824 2111 875 2170 est
903 2106 1054 2170 credibile
1088 2107 1123 2170 in
1151 2107 1219 2170 ulla
1247 2105 1349 2170 classe
1380 2129 1400 2170 a
1429 2106 1490 2168 tali

343 2211 448 2294 capite
472 2210 602 2276 initium
624 2211 747 2276 factum
773 2233 842 2276 esse
862 2234 881 2276 a
900 2211 1057 2294 Varrone,
1080 2212 1114 2275 in
1138 2234 1200 2295 quo
1225 2215 1293 2276 tem
1317 2211 1491 2275 manifesta

343 2323 443 2402 esset,
476 2340 573 2402 quam
602 2321 652 2382 est
680 2318 713 2382 in
745 2318 982 2402 philosophicis
1016 2318 1150 2401 litteris,
1183 2318 1377 2382 Graecorum
1410 2339 1490 2400 prae

344 2423 500 2489 Romanis
537 2423 681 2508 dignitas
714 2429 746 2488 et
782 2423 991 2507 praestantia
1037 2421 1126 2507 Ergo
1163 2445 1204 2488 ne
1241 2423 1282 2488 ab
1319 2423 1488 2488 historicis

268 2547 329 2587 xnr
344 2531 472 2615 quidem
509 2551 641 2593 exorsus
679 2551 749 2594 ease
786 2529 922 2592 videtur.
976 2528 1121 2604 Quorum
1158 2530 1219 2593 etsi
1254 2528 1490 2595 hebdomadem

343 2636 499 2700 Graecam
527 2636 558 2698 in
590 2634 800 2710 Quinctiliani
829 2637 849 2714 ξ
875 2634 1014 2699 73-Ἱὸ
1043 2633 1238 2700 Mercklinus
1269 2635 1490 2720 investigavit,

342 2743 555 2826 compositam
580 2741 672 2805 illam
696 2763 712 2804 e
736 2739 950 2824 Thucydidis,
973 2740 1147 2823 Herodoti,
1171 2739 1385 2825 Theopompi,
1412 2739 1490 2805 Phi-

342 2848 423 2932 listi,
460 2848 598 2932 Ephori,
635 2845 804 2928 Olitarchi,
841 2845 1028 2929 Timagenis
1061 2845 1263 2928 nominibus,
1300 2868 1437 2930 quorum
1470 2867 1488 2908 a

342 2956 496 3020 societate
526 2955 777 3039 Xenophontem
805 2953 875 3042 ipse
905 2952 1143 3028 Quinctilianus
1174 2975 1207 3016 se
1240 2948 1319 3016 dicit
1348 2953 1488 3016 eximere

342 3065 378 3124 ut
411 3061 495 3125 inter
527 3060 742 3144 philosophos
771 3043 968 3124 reddendum
1000 3059 1123 3143 potius:
1155 3063 1191 3123 at
1218 3059 1285 3124 sive
1316 3057 1359 3122 ad
1386 3055 1488 3121 Hero-

342 3167 453 3232 dotum
478 3167 546 3232 sive
569 3167 609 3230 ad
632 3165 854 3249 Thucydidem
882 3165 1027 3249 palmam
1057 3166 1210 3230 detuleris
1234 3167 1381 3228 emente
1405 3161 1486 3226 Var-

341 3272 440 3355 ronis,
463 3273 571 3338 hicine
594 3277 630 3336 ut
654 3294 726 3336 cum
749 3271 808 3336 illo
832 3293 930 3335 ausus
954 3271 998 3336 sit
1021 3271 1071 3335 vel
1095 3271 1233 3335 Fabium
1252 3269 1413 3333 Pictorem
1437 3269 1485 3332 rel

342 3375 510 3442 Sisennam
530 3379 579 3442 vel
600 3377 698 3442 etiam
718 3375 910 3442 Sallustium
929 3375 1153 3440 committere?
1179 3375 1282 3440 Immo
1302 3379 1360 3439 aut
1378 3375 1486 3438 omnia

341 3483 461 3548 fallunt
480 3491 537 3549 aut
560 3485 757 3568 principium
777 3507 796 3549 a
815 3485 912 3549 nullis
933 3483 1005 3548 aliis
1026 3483 1090 3547 nisi
1109 3483 1149 3547 ab
1170 3482 1355 3547 oratoribus
1378 3480 1485 3563 fiebat,

341 3593 374 3656 in
399 3615 462 3676 quo
491 3612 607 3676 genere
631 3591 701 3655 solo
729 3591 875 3675 potuisse
898 3591 1064 3654 Romanos
1088 3611 1153 3653 non
1183 3588 1252 3651 sine
1280 3587 1389 3670 aliqua
1412 3607 1483 3649 con-

341 3698 473 3762 fidentia
505 3720 577 3761 eum
610 3696 743 3762 Graecis
776 3697 969 3762 contendere
1002 3701 1039 3759 ut
1071 3718 1129 3760 nos
1167 3693 1402 3776 intellegimus,
1439 3691 1485 3755 ite

342 3803 516 3868 identidem
540 3804 603 3886 ipsi
631 3803 771 3888 professi
795 3806 878 3867 sunt
920 3799 989 3866 Nec
1011 3801 1130 3884 magis,
1159 3799 1214 3883 qui
1242 3797 1484 3882 ineloquentia

342 3909 559 3992 principatum
582 3909 668 3974 inter
687 3907 827 3972 Graecos
849 3911 983 3989 teneret,
1007 3905 1156 3969 dubitare
1176 3927 1192 3968 e
1213 3904 1376 3970 veteribus
1399 3901 1484 3986 quis·

343 4037 455 4098 quam,
479 4036 575 4099 quam
599 4016 653 4098 qui
678 4016 761 4079 inter
783 4014 947 4078 Romanos
972 4012 1036 4077 sibi
1061 4011 1251 4094 vindicaret,
1281 4011 1330 4073 vel
1354 4007 1482 4074 deditis·

343 4120 442 4184 simus
476 4121 666 4204 antiquitati
694 4121 821 4185 animus
850 4118 1007 4184 Varronis
1041 4117 1203 4182 haesitare
1235 4117 1357 4198 potuit:
1390 4135 1483 4198 quem

342 4231 594 4290 consentaneum
627 4231 676 4289 est
709 4225 747 4290 de
780 4247 905 4290 summo
934 4229 1062 4289 oratore
1095 4223 1181 4287 haud
1214 4221 1323 4305 paullo
1355 4221 1484 4284 honori·

342 4333 490 4396 licentius
514 4332 653 4397 sensisse
677 4353 774 4414 quam
798 4353 899 4414 nuper
923 4329 1036 4395 sentiri
1064 4331 1231 4394 internos
1256 4331 1403 4409 coeptum
1428 4331 1483 4390 est.

342 4437 469 4502 Primae
489 4438 590 4522 igitur
609 4443 641 4500 et
661 4437 817 4502 secundae
836 4435 1029 4500 hebdomadi
1049 4434 1125 4499 libri
1144 4433 1241 4516 primi
1256 4431 1483 4496 Demosthenis
