3274 5114
634 429 918 480 conuuurrnrvs.
1036 389 1041 396 ¹
1279 411 1344 496 241

203 545 291 636 culae
320 577 377 636 aut
403 571 520 636 harum
547 573 741 638 adminiculo
772 573 913 638 adnexae
936 572 1082 658 integrae
1107 571 1345 636 enuntiationes

199 677 525 762 interpretamentum
548 679 758 744 manifestum
780 679 933 763 prodant:
961 678 1071 763 qualia
1092 700 1165 743 cum
1188 677 1345 742 Burman·

202 807 261 849 nus
285 783 592 870 Oudendorpiusque
620 787 655 851 in
678 788 761 872 Aug.
790 808 815 850 c.
839 787 895 871 32,
925 785 1059 870 Vesper.
1087 808 1113 850 e.
1139 787 1194 870 11,
1224 784 1347 851 Domit

202 912 227 955 e.
253 892 302 974 17,
325 895 395 956 tum
417 890 602 978 Madvigius
626 893 647 957 l.
671 915 695 958 s.
719 914 743 957 s.
767 914 797 975 p.
823 891 886 957 145
909 891 1129 978 designarunt.

289 995 366 1080 Peg.
390 999 457 1073 2⁰8,
480 999 498 1063 3
520 1019 731 1082 nummorum,
759 998 844 1083 quod
867 999 980 1064 debuit
1003 1019 1073 1063 esse
1095 1016 1270 1079 eriminum,
1293 997 1347 1061 vix

201 1109 287 1170 recte
306 1104 446 1170 Rothiue
468 1105 589 1171 talibus
614 1105 768 1189 exemplis
792 1104 986 1189 quibusdam
1008 1108 1134 1169 tutatus
1159 1107 1208 1168 est
1230 1104 1347 1189 quibus

203 1211 330 1277 brevior
351 1211 458 1276 forma
476 1217 589 1277 nostro
609 1233 706 1277 sensu
725 1213 805 1277 item
824 1211 984 1276 reddenda
1004 1215 1061 1288 eet,
1085 1211 1206 1275 amale
1225 1209 1347 1274 sedulis

202 1317 330 1382 demum
363 1317 430 1382 sire
463 1317 657 1402 magistellis
691 1319 758 1382 sive
789 1317 934 1383 librariis
968 1316 1155 1382 obscurata:
1187 1315 1272 1400 Aug.
1304 1317 1347 1381 46

199 1425 325 1508 singula
348 1445 546 1489 eremmorum
564 1425 663 1503 milia,
689 1425 749 1489 101
769 1425 894 1508 angula
911 1424 1002 1488 milia
1019 1443 1224 1488 numerorum.
1260 1421 1293 1487 N
1295 1444 1346 1487 arn

200 1531 300 1595 etiam
329 1531 363 1594 in
393 1530 515 1596 talibus
543 1529 649 1594 forma
675 1529 838 1614 disyllaba
866 1533 993 1594 servata
1016 1531 1068 1594 est
1090 1528 1134 1594 ib.
1157 1529 1201 1592 40
1223 1528 1348 1610 stapulo

200 1637 291 1701 milia
317 1657 487 1701 amomum.
534 1633 631 1700 Certo
662 1639 770 1700 antem
798 1636 968 1701 accedente
995 1655 1129 1700 numero
1158 1635 1220 1698 etsi
1248 1635 1347 1698 semel

123 1825 125 1828 Ι
200 1742 364 1824 proditum
391 1743 583 1826 coeptorium
609 1763 807 1808 nummorum
835 1748 1022 1808 treceriorum
1044 1741 1139 1808 Dom.
1162 1741 1184 1804 4
1211 1741 1348 1825 reperio,

200 1851 308 1913 tamen
332 1849 367 1912 in
390 1849 507 1914 ceteris
531 1848 687 1932 exemplis
707 1849 858 1914 omnibus
877 1849 973 1914 alteri
992 1848 1117 1914 formae
1135 1852 1348 1931 pepercerunt

202 1954 341 2020 librarii:
369 1961 520 2038 quaterna
542 1955 634 2020 milia
655 1975 818 2020 nummum
841 1961 874 2020 et
896 1956 971 2021 bine
988 1956 1079 2020 micro
1102 1974 1264 2019 nummum
1286 1953 1346 2019 Iul.

203 2061 255 2144 38,
278 2063 380 2126 terreis·
395 2061 521 2126 milibus
543 2082 705 2126 nummum
727 2061 770 2126 ib.
793 2062 850 2146 54,
879 2064 1016 2128 trecentis
1037 2061 1162 2128 milibus
1184 2082 1347 2126 omnnium

202 2168 286 2252 Aug.
310 2168 362 2251 68,
385 2168 500 2250 uiptuti
521 2167 612 2233 arilia
633 2189 797 2233 eameram
819 2168 862 2232 ib.
883 2169 934 2253 11,
958 2170 1087 2252 triginta
1100 2169 1235 2238 ‚miletae
1256 2189 1346 2261 uum-

201 2295 286 2339 mum
310 2273 381 2339 Tib.
400 2275 452 2354 34,
475 2273 563 2341 Dec
578 2275 703 2340 milibus
724 2295 887 2339 nummum
909 2296 1044 2360 gramm.
1064 2275 1094 2359 3,
1116 2275 1208 2340 XVI
1222 2275 1347 2340 milibus

201 2403 362 2447 nummum
385 2382 427 2446 ib.
451 2383 480 2465 8,
503 2383 569 2447 nisi
593 2403 674 2467 quae
696 2380 783 2445 forte
805 2401 857 2444 me
879 2380 1034 2466 fugerunt
1056 2381 1129 2446 alia.

289 2487 395 2553 Versu
417 2489 438 2553 4
468 2490 553 2554 inter
580 2488 745 2554 mercetur
772 2491 805 2551 et
827 2508 903 2552 nam
925 2474 1136 2570 Adelphorum
1152 2490 1347 2571 principiam

201 2615 333 2679 gravem
365 2594 513 2660 lacunam
546 2616 616 2660 esse
644 2598 713 2658 tam
741 2597 830 2659 recto
860 2592 1000 2658 Wolfius
1028 2593 1147 2661 iudicio
1176 2595 1346 2662 adsecutus

202 2705 264 2784 eat,
291 2705 328 2765 ut
355 2699 537 2766 contrariae
564 2699 743 2765 sententiae
771 2699 988 2764 defendendae
1011 2721 1166 2786 negemus
1190 2689 1346 2767 viam're-

203 2808 314 2872 lietam
338 2827 416 2871 esse.
457 2804 670 2870 Alienissima
693 2806 778 2871 enim
802 2811 879 2872 sunt
902 2829 984 2892 quae
1007 2806 1155 2872 feruntur
1177 2829 1252 2872 nam
1275 2832 1346 2892 par·

202 2915 320 2980 ticulae
353 2912 498 2996 exempla
531 2912 593 2978 soli
625 2913 780 2978 transitui
813 2913 970 2978 sermonis
1003 2914 1135 2979 servire:
1172 2915 1281 2999 qualia
1312 2916 1347 2979 in

202 3020 297 3085 bonis
321 3019 534 3104 scriptoribus
558 3025 682 3085 eertum
705 3023 755 3084 est
777 3020 876 3085 alium
900 3020 1095 3105 explicatum
1118 3022 1252 3106 habere,
1274 3045 1347 3106 pro·

202 3127 274 3209 pria
295 3129 406 3193 autem
428 3147 505 3190 narn
527 3126 615 3192 vocis
639 3126 671 3192 vi
690 3126 847 3192 destituta
864 3127 1004 3192 labentis
1023 3127 1152 3193 demum
1170 3129 1347 3195 latinitatis

202 3232 369 3297 barbaries
384 3232 525 3318 admisit,
539 3233 628 3298 velut
642 3233 676 3297 in
689 3231 811 3298 Donati
826 3235 969 3299 auctario
983 3234 1079 3299 huius
1093 3235 1179 3300 vitae
1192 3259 1223 3320 p.
1233 3237 1307 3320 214,
1320 3237 1346 3300 l.
1361 3257 1400 3298 seo

201 3337 270 3404 Nee
302 3339 403 3422 pluris
436 3342 501 3405 iam
534 3345 584 3406 est
612 3339 696 3424 apud
724 3338 881 3405 Rothium
913 3362 944 3423 p.
974 3340 1037 3404 180
1062 3341 1275 3424 propesitum.
1303 3380 1347 3389 -

203 3443 287 3520 Quid
310 3445 517 3511 intercideret
539 3467 612 3510 eum
636 3444 817 3528 suspicatus
841 3467 912 3511 sum
931 3467 948 3509 e
966 3443 1089 3511 Donati
1108 3445 1128 3509 l.
1148 3467 1172 3510 a.
1192 3467 1216 3510 s.
1239 3449 1346 3514 verbis

205 3550 368 3637 intellegi,
397 3553 453 3617 ubi
483 3552 576 3618 ‘duae
604 3551 644 3617 ab
667 3551 869 3635 Apollodoro
897 3552 1075 3617 translatae
1103 3574 1173 3616 esre
1198 3553 1347 3620 dicuntur

206 3659 338 3743 comico,
359 3643 514 3724 Phormio
538 3663 570 3722 et
592 3647 736 3743 Hecyra,
765 3661 919 3742 quattuor
941 3659 1084 3743 reliquae
1108 3681 1127 3750 a
1150 3657 1347 3746 Menandro',

203 3785 268 3828 non
291 3765 434 3850 cogitavi
457 3766 495 3831 de
520 3765 631 3831 eadem
654 3787 787 3848 prorsus
811 3765 979 3831 memoria:
1004 3766 1152 3850 quam-si
1175 3765 1241 3832 iam
1264 3769 1346 3832 rela-

204 3874 271 3934 tam
308 3872 343 3936 in
374 3871 522 3937 Suetonii
558 3871 626 3936 vita
662 3871 811 3955 vidisset,
846 3893 913 3938 non
949 3873 1100 3938 iterasset
1132 3873 1281 3939 Donatus
1312 3875 1346 3940 in

203 3977 347 4043 auctario
371 3979 440 4044 eius
464 3979 563 4050 vitae:
587 3979 643 4044 sed
667 3978 705 4042 de
729 3979 837 4063 simili,
860 3979 987 4065 quando
1011 3980 1052 4044 ad
1074 3979 1270 4047 Graecorum
1294 4005 1347 4048 ex·

204 4084 394 4167 emplarium
421 4085 637 4152 imitationem
665 4090 814 4169 spectant
837 4107 920 4170 quae
942 4087 1164 4171 insequuntur.
1188 4125 1231 4133 —
1255 4085 1347 4153 Oete-

203 4210 273 4254 rum
298 4191 383 4276 qnod
406 4193 441 4257 in
464 4193 598 4257 lacunae
621 4193 833 4275 suspitionem
851 4192 991 4258 Wolfius
1015 4194 1113 4258 etiam
1137 4193 1196 4258 illa
1218 4195 1347 4261 vocavit

204 4315 285 4378 quae
308 4303 384 4362 sunt
405 4304 434 4364 et
455 4297 535 4364 banc
557 4302 660 4362 aecem
682 4304 711 4363 et
727 4301 860 4382 pariaque
877 4301 1011 4383 reliquae
1029 4323 1060 4382 p.
1080 4299 1153 4382 207,
1175 4299 1224 4385 10,
1246 4323 1346 4384 prave

140 4459 142 4464 .
204 4421 303 4486 sagax
325 4403 401 4468 fuit:
425 4404 542 4489 quibus
565 4404 647 4469 nibil
671 4405 791 4470 sanine.

291 4508 368 4592 Peg.
387 4510 453 4584 208,
476 4510 554 4592 8sq.
578 4531 650 4574 eum
675 4515 709 4574 et
731 4515 858 4575 coriatus
880 4515 914 4574 et
930 4531 1055 4592 canipae
1074 4509 1121 4595 (id
1140 4512 1226 4577 enim
1245 4513 1346 4578 latere

256 4631 296 4668 rr.
311 4633 460 4668 arrscnnrrr
479 4633 612 4670 orrecvar
630 4635 671 4670 nr.
925 4652 931 4660 -
1100 4623 1132 4671 16
