3288 5100
566 403 644 450 s1vn
669 403 916 450 nnsnouanvu
941 404 1043 450 eruar.
1313 389 1376 453 517

231 571 365 632 prorsus
384 549 585 630 incomperta
603 568 654 610 res
674 549 731 610 est.
765 543 917 610 Ceterum
937 546 1040 611 altero
1059 547 1130 612 loco
1151 547 1209 610 illo
1229 547 1378 614 Pliniano

232 655 386 741 quoniam
410 653 567 718 Varronis
597 653 676 716 item
707 652 827 716 mentio
857 653 894 716 fit
924 653 1003 736 54,
1033 652 1067 716 in
1090 657 1242 737 promptu
1268 657 1317 718 est
1340 655 1378 720 de

230 761 486 845 Disciplinarum
514 760 605 825 libris
634 760 791 844 cogitare,
821 781 958 844 quorum
982 763 1130 842 octavus,
1160 761 1215 844 qui
1238 761 1300 825 fuit
1323 761 1378 826 ‘de

230 865 415 945 medicina’,
438 867 506 930 illic
530 866 723 949 explicatam
747 866 916 930 materiam
941 861 1146 949 suppeditare
1169 868 1284 950 potuit.

318 973 433 1040 Paullo
463 973 561 1037 etiam
589 974 662 1056 plus
695 972 783 1054 fidei,
810 971 874 1036 nisi
905 971 1063 1056 fallimur,
1093 969 1377 1038 statuariorum

194 1109 198 1114 ·
230 1081 408 1146 hebdomas
432 1079 533 1144 habet
556 1079 689 1143 Henrici
708 1077 845 1143 Brunnii
868 1077 974 1142 nostri
998 1079 1146 1142 acumine
1169 1079 1322 1164 indagata
1344 1081 1378 1145 in

230 1185 369 1253 XXXIV
392 1186 478 1252 libro
497 1185 605 1250 Plinii.
644 1184 742 1248 Cuius
767 1183 805 1248 de
830 1187 900 1248 arte
923 1183 981 1248 illa
1004 1185 1162 1268 clarisque
1186 1187 1220 1250 in
1243 1209 1282 1250 ea
1300 1187 1376 1252 arti

230 1295 344 1360 ficibus
377 1291 458 1380 (non
491 1293 530 1358 de
562 1291 730 1378 operibus)
761 1291 881 1357 iudicia
911 1292 1015 1356 bonae
1048 1291 1152 1377 frugis
1183 1293 1278 1376 plena
1305 1316 1376 1358 cum

229 1423 296 1466 non
325 1401 382 1465 alii
408 1401 473 1466 nisi
496 1399 639 1465 Varroni
667 1399 777 1464 deberi
806 1399 887 1463 satis
916 1421 954 1462 ea
978 1398 1156 1482 disputatio
1181 1401 1378 1483 persuaserit

230 1529 327 1591 quam
355 1507 388 1572 in
412 1507 504 1571 Actis
529 1528 592 1571 soc.
612 1505 685 1570 Sar.
710 1506 786 1572 anni
815 1506 899 1570 1850
921 1527 941 1568 a
964 1525 1037 1589 pag.
1064 1507 1124 1570 127
1151 1506 1191 1570 ad
1218 1507 1279 1570 136
1304 1506 1376 1570 Iah-

229 1613 302 1677 nius
325 1612 495 1696 pertexuit,
517 1616 627 1675 tamen
649 1611 707 1674 illa
730 1611 815 1693 quod
839 1632 856 1672 e
879 1609 972 1674 libris
992 1609 1042 1674 ‘de
1061 1611 1259 1696 proprietate
1279 1611 1377 1694 scrip-

229 1717 356 1784 torum'
387 1742 408 1783 a
434 1717 582 1782 Varrone
615 1717 711 1781 factis
744 1719 949 1800 repetuntur,
981 1717 1014 1781 id
1042 1722 1156 1801 suapte
1185 1723 1302 1782 natura
1329 1719 1377 1782 ita

230 1829 454 1910 comparatum
486 1829 537 1888 est
565 1827 614 1906 ut,
648 1825 777 1888 etiamsi
805 1823 955 1908 redargui
984 1827 1073 1888 certa
1100 1823 1377 1890 demonstratione

194 1957 198 1968 ·
230 1937 383 2016 nequeat,
409 1936 519 1997 tamen
542 1953 582 1996 ne
606 1935 712 1996 certae
736 1930 1024 1996 commendationis
1049 1932 1180 2015 quidem
1204 1932 1376 2016 quicquam

230 2039 359 2122 habeat,
383 2040 417 2103 in
441 2042 533 2103 tanta
555 2037 746 2122 praesertim
771 2037 963 2122 argumenti,
987 2059 1051 2122 quo
1076 2059 1129 2102 eos
1154 2039 1256 2103 libros
1275 2039 1376 2104 fuisse

229 2146 416 2230 suspiceris,
448 2146 656 2212 obscuritate.
708 2143 798 2229 Ergo
831 2145 872 2208 ab
903 2143 1006 2227 ipsius
1036 2143 1143 2208 Iahuii
1174 2144 1376 2226 expositione

227 2253 392 2338 profectus
415 2253 581 2318 Brunnius
611 2253 710 2316 talem
738 2251 820 2333 fere,
849 2251 975 2334 qualern
1000 2250 1122 2314 nostris
1146 2249 1252 2313 verbis
1277 2251 1375 2333 expli-

97 2433 100 2439 ·
228 2364 336 2424 eatam
367 2359 576 2439 subiecimus,
606 2356 889 2421 ratiocinationem
917 2356 1086 2420 nobiseum
1116 2356 1375 2422 communicavit.

229 2466 360 2530 Etenim
393 2469 476 2528 tres'
493 2463 668 2528 tenendum
701 2485 770 2526 esse
803 2461 909 2526 omnis
943 2461 1175 2545 disputationis
1207 2461 1376 2529 Plinianae

231 2575 340 2655 partes
364 2593 444 2654 esse,
467 2569 623 2634 discretas
647 2569 733 2632 inter
756 2591 790 2633 se
809 2572 922 2652 utpote
941 2590 958 2631 e
978 2567 1113 2632 diversis
1132 2569 1278 2634 fontibus
1298 2569 1375 2634 hau·

230 2681 310 2742 stas:
339 2677 479 2760 primam
503 2674 631 2758 quidem
655 2674 932 2758 chronologicam:
965 2675 1118 2752 alteram,
1142 2697 1223 2758 quae
1247 2699 1267 2740 a
1289 2680 1309 2756 ξ
1333 2679 1376 2742 54

228 2782 386 2867 incipiens
418 2781 451 2846 in
484 2775 692 2865 designandis
722 2781 802 2844 artis
833 2780 1032 2864 principibus
1061 2785 1133 2846 tota
1161 2783 1374 2847 consumitur:

227 2889 369 2971 tertiam,
392 2887 483 2953 cuius
506 2886 636 2950 initium
659 2885 697 2950 fit
721 2887 851 2969 affl,
875 2886 1123 2969 alphabeticam.
1160 2885 1286 2952 Harum
1305 2911 1375 2971 par-

226 2995 308 3060 tium
339 2993 459 3078 media,
488 3015 585 3077 quam
615 3015 680 3057 non
710 2993 874 3056 immerito
903 2991 1193 3077 paradigmaticam
1223 2993 1325 3078 dicas,
1355 3019 1374 3060 a

228 3105 248 3182 ξ
267 3103 311 3166 54
330 3101 371 3166 ad
390 3101 430 3165 67
457 3100 598 3185 quinque
623 3099 797 3164 statuarios
821 3099 981 3164 recenseri
1000 3099 1196 3184 iudicarique
1215 3101 1374 3186 Phidiam,

229 3207 436 3291 Polyclitum,
454 3206 633 3290 Myronem,
651 3205 884 3291 Pythagoram,
903 3205 1090 3290 Lysippum.
1124 3205 1174 3270 Ad
1193 3206 1373 3276 Varronem

226 3314 306 3379 hacc
320 3314 462 3398 quinque
477 3312 596 3377 iudicia
611 3315 697 3376 recte
711 3311 837 3376 referri:
852 3311 995 3376 indidem
1011 3311 1112 3396 igitur
1121 3317 1372 3378 consentaneum

230 3441 300 3484 esse
329 3421 427 3483 etiam
456 3441 510 3483 cas
539 3440 619 3502 quae
648 3417 791 3500 reliquae
820 3421 896 3482 sunt
925 3415 1148 3502 paragraphus
1172 3417 1301 3483 68—71
1327 3441 1372 3483 re

227 3526 302 3608 peti.
349 3526 437 3602 Quae
466 3527 620 3608 quattuor
649 3525 846 3607 paragraphi
870 3545 942 3588 cum
965 3524 1000 3588 in
1023 3523 1216 3608 Telephanis
1241 3529 1273 3588 et
1294 3525 1372 3590 Pra-

225 3631 345 3714 xitelis,
369 3631 601 3696 statuariorum
620 3629 707 3713 item,
730 3630 881 3694 laudibus
902 3635 1078 3713 versentur,
1097 3635 1222 3713 septem
1241 3631 1370 3714 prodire

225 3737 320 3802 unius
344 3737 471 3822 generis
496 3737 651 3820 artifices,
674 3736 790 3821 quibus
813 3739 939 3820 partem
963 3737 1250 3822 paradigmaticam
1273 3736 1371 3802 Plinii
1385 3755 1407 3794 x

226 3865 354 3912 omnem
387 3842 543 3908 concludi.
596 3843 666 3920 Quo
700 3847 751 3907 sat
783 3861 880 3927 grave
912 3841 1067 3908 indicium
1099 3844 1168 3908 fieri
1201 3845 1247 3908 eis
1279 3845 1371 3909 libris

226 3949 383 4016 Varronis
415 3950 450 4014 in
479 3939 536 4014 illa
564 3953 656 4033 parte
685 3949 918 4015 conscribenda
941 3949 1083 4014 Plinium
1108 3973 1200 4014 usum
1225 3973 1308 4035 esse,
1337 3952 1370 4015 in

224 4057 341 4144 quihus
374 4057 444 4140 ipse
477 4057 679 4138 septenarius
712 4077 864 4121 numerus
895 4056 1062 4141 regnabat.
1112 4055 1292 4122 Fatendum
1321 4061 1371 4122 est

224 4179 303 4228 sane
332 4161 564 4246 ignobiliorem
591 4163 724 4247 reliquis
746 4161 965 4248 Telephanen
993 4163 1171 4247 exstitisse,
1203 4167 1236 4227 et
1262 4164 1369 4228 fassus

223 4274 273 4336 est
297 4269 424 4333 Plinius
457 4269 527 4352 ipse
554 4291 620 4334 non
647 4269 717 4334 sine
745 4269 929 4334 mirationis
957 4269 1095 4352 quadam
1125 4269 1369 4354 significatione,

223 4379 258 4442 in
280 4379 372 4461 parte
396 4379 504 4440 autem
528 4375 757 4461 chronologica
778 4398 819 4441 ne
843 4379 1151 4440 commemoraverat
1169 4376 1310 4460 quidem:
1335 4379 1370 4441 at

224 4483 361 4550 eundem
383 4487 495 4548 tamen
517 4483 603 4548 idem
620 4483 745 4548 Plinius
770 4483 860 4548 addit
882 4505 992 4548 eorum
1017 4481 1190 4569 suffragiis,
1211 4481 1265 4568 qui
1284 4506 1368 4548 eorn-
1414 4565 1418 4574 ι
