3274 5114
668 403 953 451 counnurrarvs.
1318 386 1383 450 229

238 545 273 608 in
296 544 428 610 modum
452 548 599 628 vagatur.
639 545 887 610 Remotissimae
911 547 952 611 ab
977 546 1179 611 urbeRoma
1201 543 1383 630 (ueletiam

238 648 427 736 Brundisio)
450 655 559 735 partes
583 651 737 717 Graeciae
759 653 989 738 navigantibus
1014 653 1143 737 quidem
1166 676 1231 718 non
1254 653 1384 717 fuerunt

238 757 320 822 aliae
343 758 407 822 nisi
430 757 553 840 Attica,
576 757 725 842 Euboea,
747 757 931 826 Thessalia:
955 782 1090 844 quarum
1113 761 1188 824 illas
1212 759 1305 844 duas,
1328 759 1384 842 qui

237 864 425 930 delitescere
450 865 559 949 vellet,
591 889 657 930 non
685 867 831 950 proiecto
865 869 1025 952 petiturus
1049 859 1119 932 e'rat
1141 872 1270 951 praeter
1293 867 1383 950 aliar,

238 993 349 1036 rursus
377 977 488 1036 autem
515 971 611 1051 haec,
644 973 828 1057 Thessalia,
860 996 918 1058 per
940 975 1077 1059 Epirum
1105 975 1168 1039 iter
1191 974 1384 1040 facientibus

239 1077 341 1142 multo
365 1101 463 1162 quam
486 1079 558 1163 ipsa
581 1080 694 1146 Attica
716 1081 766 1146 rel
790 1080 924 1146 Euboea
946 1081 1159 1165 propinquior
1183 1085 1261 1145 erat.
1294 1081 1383 1165 Ergo

242 1205 442 1269 quocumque
466 1190 498 1249 te
521 1187 665 1270 verteris,
688 1209 761 1252 cum
784 1209 911 1270 semper
935 1187 1056 1271 aliquid
1080 1186 1207 1252 insoliti
1230 1187 1383 1252 multum-

239 1309 300 1372 que
329 1290 474 1376 ambigui
502 1291 622 1356 babeat
646 1293 795 1358 oruata
821 1293 959 1357 ullumne
986 1293 1178 1377 appellatio,
1209 1316 1275 1359 non
1303 1295 1384 1360 levis

241 1397 378 1480 suspitio
400 1397 547 1461 nascitur
572 1398 607 1462 in
630 1398 797 1488 Graeciam
820 1405 934 1464 terrm
958 1400 1140 1464 intumum
1167 1400 1292 1482 potius,
1320 1423 1383 1484 quo

240 1524 258 1566 e
290 1505 465 1585 conspectu
497 1502 643 1566 omnium
676 1525 710 1568 se
743 1503 949 1586 subduceret,
985 1503 1174 1570 Terentium
1211 1506 1383 1570 recessisse

239 1613 371 1674 auctore
398 1607 513 1672 Porcio
545 1607 577 1672 b.
601 1631 626 1673 e.
652 1631 728 1680 ‚eam
759 1609 792 1673 in
823 1614 944 1674 terram
972 1610 1006 1674 in
1035 1633 1099 1694 qua
1122 1611 1221 1676 etiam
1245 1616 1384 1678 mortem

238 1715 330 1798 obiit,
353 1735 434 1798 quae
457 1713 521 1778 fuit
535 1714 684 1780 Arcadia.
721 1713 806 1779 Nam
830 1715 912 1780 nihil
931 1715 995 1781 huc
1013 1717 1161 1801 pertinet,
1187 1717 1273 1802 quod
1291 1718 1383 1782 illum

241 1819 297 1884 alii
321 1821 454 1885 omnino
477 1843 542 1885 non
566 1822 600 1886 in
624 1820 807 1904 Graeciam,
836 1823 892 1886 sed
921 1823 954 1888 in
977 1822 1092 1888 Asiam
1115 1823 1295 1908 profectum
1319 1834 1383 1889 tra-

240 1924 356 2010 didere,
379 1931 417 1991 ut
431 1926 600 1993 Volcatius
616 1925 780 2013 Sedigitas
799 1928 884 1993 infra
898 1935 1169 1995 commemoratus
1185 1954 1204 1996 a
1219 1929 1383 1996 Suetonio.

328 2031 406 2114 Peg.
421 2032 521 2108 :our
545 2035 591 2099 sic
609 2035 776 2100 Parisinus
795 2037 846 2100 A:
869 2042 1009 2102 mortum
1031 2042 1075 2102 est
1096 2039 1196 2119 tufolo
1219 2039 1385 2104 orchadiuc

238 2141 327 2222 opido
355 2162 380 2204 e.
405 2163 433 2225 q.
458 2163 482 2204 s.
528 2138 594 2204 Vbi
621 2142 656 2206 in
678 2142 774 2225 pholo
802 2143 877 2207 libri
906 2143 1024 2208 novicii
1051 2144 1208 2228 plerique,
1236 2146 1270 2209 in
1297 2147 1382 2210 slim-

123 2247 128 2256 '
234 2245 331 2329 pholo
355 2267 427 2310 cum
450 2243 604 2309 Vrbinati
629 2247 728 2312 editio
752 2248 917 2332 princeps,
944 2249 1033 2332 turpi
1061 2255 1098 2314 ut
1121 2255 1256 2334 apparet
1279 2251 1382 2316 soloe-

238 2353 349 2418 cismo.
385 2349 479 2426 Quod
503 2351 696 2436 intellegens
715 2352 857 2417 Rotbius
877 2353 1105 2421 soloecismum
1124 2359 1234 2419 tamen
1253 2378 1292 2419 ne
1312 2355 1382 2440 ipse

237 2457 368 2544 quidem
392 2458 478 2522 cavit
501 2479 574 2522 cum
592 2457 709 2524 Porcio
733 2458 814 2524 haec
836 2459 935 2524 verba
957 2459 1085 2524 tribuit:
1108 2460 1382 2546 Mortuusrsrym-

231 2565 329 2648 phdlo
351 2565 508 2630 Arcadiae
529 2566 564 2630 ir:
588 2565 706 2646 ripprdo.
752 2565 898 2630 Tolerari
922 2571 1045 2650 potest,
1078 2589 1174 2651 quam
1198 2567 1252 2631 ille
1276 2590 1383 2634 neces-

238 2671 358 2736 sariam
381 2671 463 2736 dixit
484 2677 620 2756 praeter.
637 2672 815 2757 veritatem,
837 2675 873 2738 in
895 2673 1106 2758 praepositio:
1128 2695 1194 2738 non
1217 2679 1326 2758 potest
1349 2677 1382 2740 in

240 2779 323 2844 bono
343 2777 500 2862 scriptore
514 2777 693 2860 Stymphalo
712 2778 816 2843 forma
835 2801 893 2862 pro
913 2801 951 2843 ea
969 2801 1065 2864 quam
1081 2780 1258 2862 antiquitus
1278 2781 1382 2845 solam

239 2883 390 2966 probavit
412 2883 604 2968 Stymphali:
636 2883 721 2968 quod
749 2904 851 2968 genus
880 2889 1033 2950 accurata
1060 2889 1097 2949 ut
1125 2883 1209 2948 solet
1236 2885 1382 2952 doctrina

240 2990 325 3055 idem
352 2989 410 3055 ille
432 2989 648 3074 Nipperdeius
676 2990 697 3054 l.
720 3013 744 3054 s.
769 3012 792 3054 s.
816 2990 971 3055 tractarit
997 3012 1028 3074 p.
1055 2989 1095 3054 15
1110 3012 1156 3075 sq.
1202 2989 1247 3056 Et
1270 2993 1380 3058 certis-
1395 3017 1436 3057 rar

146 3151 147 3154 ,
239 3096 320 3162 simo
348 3096 467 3161 indicio
496 3095 563 3160 veri
591 3095 663 3178 ipsa
686 3094 766 3160 haec
789 3095 858 3160 vita
879 3095 1075 3162 Terentiana
1098 3101 1149 3162 est
1170 3097 1324 3163 inferiore
1346 3099 1382 3164 in
1451 3185 1452 3188 Ἴ

238 3204 309 3268 loco
332 3203 518 3287 p.211,11,
542 3201 598 3266 ubi
622 3200 722 3266 ‘ochra'
743 3206 899 3267 merbrum
918 3203 1032 3268 esseio
1049 3203 1196 3268 Arcadio
1208 3203 1383 3288 Stymphali

235 3310 301 3374 siue
323 3309 496 3374 Laeuus
519 3307 663 3374 trcdunt'
693 3309 850 3392 scriptum
874 3315 924 3374 est
947 3309 981 3373 in
1005 3309 1112 3392 libris,
1142 3331 1180 3374 ex
1204 3311 1378 3395 interpola-

236 3415 325 3480 tione
349 3419 456 3480 autem
481 3415 653 3499 inrepsisse
667 3413 843 3498 squalori
864 3435 984 3480 nomen
1007 3415 1094 3480 infra
1116 3418 1294 3500 apparebit.
1331 3417 1381 3482 Ibi

236 3523 338 3607 igitur
360 3522 393 3586 in
417 3521 706 3605 interpretamento
729 3521 866 3586 fortuito
891 3524 1053 3585 servatam
1076 3522 1257 3607 legitimam
1280 3523 1381 3607 Stym-

231 3628 323 3710 phali
349 3629 488 3693 formam
516 3627 572 3692 ubi
600 3625 676 3691 huic
703 3627 737 3690 in
765 3649 829 3710 quo
852 3649 1019 3692 versamur
1045 3627 1116 3692 loco
1140 3627 1381 3714 reddiderimus,

237 3735 333 3798 simul
357 3739 476 3818 autem,
499 3756 579 3820 quas
603 3733 714 3798 turbas
738 3733 772 3798 in
796 3733 1002 3818 antiquorum
1025 3737 1194 3818 poetarum
1217 3734 1380 3801 codicibus

236 3845 281 3908 es:
307 3841 398 3906 verbi
426 3840 627 3925 aphaeresis,
660 3840 727 3904 sive
756 3839 991 3925 synaloepham
1019 3839 1118 3923 dices,
1150 3841 1318 3924 tamquam
1342 3841 1381 3906 de

237 3969 325 4012 more
356 3946 526 4030 creaverit,
559 3946 816 4032 meminerimus,
847 3947 989 4012 dubitari
1021 3946 1134 4030 nequit
1166 3946 1244 4032 quin
1275 3947 1381 4032 ipsam

237 4051 343 4118 Porcii
361 4075 493 4118 manum
511 4051 573 4118 hac
591 4051 721 4117 demum
735 4051 962 4118 emendatione
977 4075 1214 4138 recuperemus:
1237 4053 1382 4118 Mortuos

236 4157 443 4240 Stampbclrst
464 4158 621 4222 Arcadiae
643 4159 761 4240 oppido.
802 4157 888 4222 Nam
911 4181 953 4224 ne
976 4161 1048 4244 quis
1072 4159 1175 4224 hiatui
1199 4159 1379 4242 patrocine-

237 4268 289 4329 tur
312 4265 347 4328 in
370 4263 474 4329 medio
499 4265 695 4348 septenario:
718 4263 875 4329 Mdrtuost
896 4265 1072 4348 Stymphrili
1085 4263 1241 4328 Arcadiae
1262 4265 1380 4346 cippido,

237 4371 451 4456 reputandum
480 4374 529 4436 est
556 4373 686 4454 praeter
712 4369 791 4454 alia,
819 4371 939 4436 artiore
968 4369 1216 4435 constructionis
1240 4371 1380 4456 vinculo,

238 4500 334 4563 quam
356 4479 404 4544 ita
427 4481 464 4544 ut
485 4475 596 4542 divelli
619 4477 757 4562 possint,
778 4477 934 4544 Arcadiae
956 4477 1066 4562 oppido
1089 4478 1189 4543 verba
1212 4477 1378 4544 contineri.
