3288 5100
313 320 379 384 560
635 337 750 383 uranu
773 322 921 384 vaano's
945 338 1125 384 rnncrnvn

313 481 349 543 ut
377 480 427 543 vel
457 479 674 562 antiquiorem
704 479 755 543 vel
783 480 1066 562 praestabiliorem
1089 477 1278 560 Daedalo,
1302 475 1462 542 Chersi-

313 585 473 668 phrone,
497 585 637 668 Ictino,
660 585 836 669 Philone,
857 584 1087 670 Dinochare,
1106 583 1337 650 Archimede
1362 583 1463 668 septi-

314 713 430 774 moque
459 691 701 757 Menecrate?
738 693 800 758 Vel
830 716 924 776 quem
952 693 1186 777 Hippocrati
1214 691 1380 774 anteferri,
1409 691 1462 754 oui

314 819 368 862 sex
410 799 444 862 in
485 798 609 862 medico
652 820 769 883 genere
811 799 917 864 socios
955 799 1144 880 Dioclem,
1185 798 1462 882 Praxagoram‚

314 901 584 988 Chrysippum,
622 905 920 988 Erasistratum,
956 904 1225 989 Herophilum,
1259 904 1462 986 Asclepia-

253 1089 254 1092 ,
313 1011 395 1074 dem
419 1009 544 1076 Plinius
572 1012 677 1074 iunxit
703 1011 759 1075 lib.
782 1009 890 1076 XXVI
919 1033 938 1074 a
965 1013 985 1092 ξ
1013 1011 1052 1074 10
1075 1010 1116 1074 ad
1143 1010 1205 1074 12?
1256 1009 1377 1086 Quodsi
1409 1019 1462 1073 est

314 1116 370 1200 qui
389 1116 452 1181 huc
471 1116 625 1182 advocare
644 1117 785 1182 musicos
805 1117 949 1180 animum
968 1115 1110 1197 inducat,
1129 1115 1264 1180 habebit
1281 1115 1309 1178 is
1330 1115 1461 1200 quidem

315 1245 411 1306 quem
438 1222 472 1285 in
500 1221 608 1288 fronte
635 1229 738 1307 ponat
766 1223 907 1288 Graecae
935 1222 1146 1288 hebdomadis
1175 1221 1461 1306 paradigmaticae,

315 1329 383 1390 sive
411 1328 439 1391 is
464 1326 613 1410 Orpheus
637 1333 687 1392 est
710 1331 782 1398 sive
807 1329 965 1413 Olympus
994 1329 1062 1394 sive
1090 1329 1205 1393 horum
1234 1329 1365 1412 similis,
1393 1351 1461 1392 non

315 1432 450 1498 habebit
482 1457 578 1518 quem
610 1435 685 1498 huic
717 1458 829 1518 parem
861 1435 961 1500 faciat
992 1435 1185 1500 Romanum.
1230 1434 1299 1498 Nee
1330 1439 1461 1517 praeter

315 1539 494 1624 prinoipem
514 1541 658 1604 omnium
678 1540 822 1606 Aeneam
843 1541 975 1625 eiusque
995 1541 1117 1605 socium
1133 1539 1290 1604 Graecum
1312 1540 1461 1604 videntur

316 1667 332 1709 e
352 1646 495 1728 mythico
520 1669 636 1732 genere
660 1668 809 1731 proceres
833 1647 927 1730 petiti
947 1668 1026 1712 esse.
1062 1645 1152 1730 Ergo
1174 1646 1226 1710 vix
1246 1645 1334 1709 aliud
1353 1651 1461 1728 eaput,

315 1753 399 1816 unde
426 1751 622 1836 principium
652 1775 720 1817 esse
747 1753 871 1816 factum
894 1751 1056 1835 credatur,
1083 1751 1146 1816 nisi
1174 1755 1231 1816 aut
1257 1751 1460 1816 mathemati·

316 1880 388 1922 cum
417 1861 473 1922 aut
501 1859 748 1943 grammaticum
779 1862 933 1942 superest.
976 1857 1090 1922 Graeci
1119 1863 1228 1922 autem
1256 1859 1308 1922 vel
1332 1879 1459 1943 geome—

317 1971 388 2028 trae
413 1965 462 2028 vel
492 1965 672 2028 astronomi
701 1986 773 2028 cum
802 1968 930 2047 praeter
954 1964 1195 2048 Archimedem,
1224 1965 1278 2048 qui
1306 1987 1396 2029 suam
1425 1965 1460 2028 in

317 2071 503 2135 architectis
532 2070 645 2134 sedem
678 2070 861 2154 invenerat,
897 2093 962 2134 non
995 2070 1075 2135 adeo
1112 2071 1207 2153 pauci
1240 2070 1274 2133 in
1306 2075 1461 2154 promptu

316 2183 425 2241 essent
448 2199 465 2240 e
489 2177 604 2260 quibus
628 2177 779 2260 princeps
803 2176 1046 2260 disciplinarum
1065 2175 1288 2240 conditoribus
1311 2176 1461 2240 omnibus

315 2285 555 2366 praeficeretur:
588 2283 676 2347 velut
705 2283 733 2346 si
761 2282 973 2347 Eratostheni
1000 2281 1153 2368 Nigidius
1185 2281 1461 2366 aequipararetur:

316 2392 425 2453 tamen
448 2389 534 2454 haud
559 2389 624 2453 scio
649 2411 692 2452 an
715 2389 756 2453 ab
781 2411 818 2453 eo
842 2409 960 2473 genere
983 2389 1088 2454 Varro
1113 2410 1245 2453 exorsus
1269 2389 1323 2470 sit,
1346 2411 1366 2453 a
1389 2411 1462 2474 quo,
1584 2389 1588 2398 '

303 2494 632 2588 ,quotquotfuerunt
655 2495 767 2578 quiin
791 2495 1018 2560 enumerandis
1042 2495 1293 2580 enarrandisque
1317 2495 1461 2579 discipli·

315 2602 366 2664 nis
391 2605 608 2683 versarentur,
637 2602 766 2665 initium
791 2605 945 2685 ceperunt
968 2623 1095 2666 omnes:
1126 2601 1209 2686 quod
1234 2602 1362 2686 quidem
1387 2623 1462 2666 con·

316 2708 439 2772 tinetur
470 2708 693 2792 grammatica.
739 2708 799 2791 Vt,
835 2709 898 2773 nisi
936 2709 1021 2773 fallit
1057 2710 1197 2791 animus,
1233 2709 1349 2773 decimi
1386 2707 1462 2771 libri

316 2814 475 2898 imagines
499 2814 690 2898 praeoedere
709 2815 743 2878 in
766 2815 872 2898 primo
892 2813 1102 2880 Aristarchus
1125 2816 1278 2898 potuerit,
1302 2813 1462 2878 undecimi

316 2925 434 3003 autem,
458 2919 612 3004 quoniam
635 2941 700 2982 non
723 2921 871 3004 profecto
897 2919 1003 2986 Varro
1027 2921 1096 3004 ipse
1120 2921 1236 3004 potuit,
1259 2925 1297 2984 ut
1315 2920 1462 3004 exemplo
1523 2915 1526 2922 ⁴

316 3032 445 3091 utamur
483 3026 515 3090 in
550 3048 583 3089 re
618 3029 730 3109 suapte
763 3032 878 3091 natura
915 3048 1048 3109 prorsus
1086 3026 1236 3109 ancipiti,
1272 3031 1463 3110 praeceptor

316 3130 475 3194 Varronis
504 3131 616 3196 Aelius
646 3130 729 3196 Stilo
759 3131 988 3197 Praeconinus.
1030 3130 1201 3194 Praeterea
1228 3129 1305 3213 quid
1332 3130 1480 3198 oonsilii'

318 3258 452 3320 quemve
476 3235 634 3299 delectum
658 3237 692 3301 in
716 3237 768 3302 his
792 3237 998 3322 potissimum
1023 3237 1115 3301 libris
1136 3235 1240 3301 Varro
1260 3239 1385 3300 secutus
1410 3233 1463 3318 sit,

316 3342 488 3407 obscurum
511 3348 562 3406 est
585 3343 675 3408 iuxta
698 3365 768 3408 cum
794 3343 1053 3408 obscurissumis.
1131 3329 1144 3350 ⁸

284 3450 288 3457 '
404 3447 521 3512 Restat
547 3454 657 3514 sexta
681 3450 793 3514 classis
817 3450 943 3514 artibus
972 3447 1143 3513 destinata.
1179 3447 1207 3510 E
1232 3471 1296 3532 qua
1324 3449 1462 3531 primum

315 3555 463 3621 novimus
493 3555 724 3620 statuariorum
756 3579 820 3620 non
848 3578 961 3638 unam,
989 3555 1046 3618 sed
1073 3554 1153 3618 duae
1177 3553 1395 3620 hebdomadas
1420 3553 1462 3617 ab

316 3661 476 3726 Hnnlclco
506 3660 666 3727 annnro
696 3663 809 3728 no'stro
839 3661 1055 3745 probabiliter
1088 3663 1303 3746 investigatas
1336 3661 1369 3724 iu
1398 3659 1462 3722 Pli-

316 3769 422 3832 nianis
442 3769 695 3834 commentariis:
722 3770 935 3834 vetustiorum
955 3770 1100 3850 alteram,
1119 3769 1157 3831 de
1176 3790 1240 3851 qua
1257 3765 1369 3850 paullo
1388 3771 1464 3849 post

317 3875 448 3956 dicetur,
471 3875 607 3938 alteram
627 3875 713 3938 circa
733 3879 879 3958 tempora
899 3878 1099 3958 expugnatae
1120 3872 1272 3939 Corinthi
1290 3873 1463 3937 clarorum:

318 3980 472 4062 Antaei,
505 3978 745 4063 Callistrati,
776 3981 962 4065 Polyclis,
1001 3977 1211 4062 Callixeni,
1248 3977 1464 4062 Pythoclie,

318 4087 498 4172 Pythiae,
523 4085 717 4151 Timoclis.
761 4086 883 4162 Quibus
907 4085 987 4149 item
1011 4084 1091 4150 duas
1114 4083 1332 4149 hebdomadas
1360 4083 1463 4167 picto·

316 4215 389 4256 rum
408 4189 604 4256 Mercklinus
628 4193 717 4276 p.10
738 4192 829 4272 [538]
855 4191 986 4274 addidit,
1010 4191 1146 4254 alteram
1162 4190 1337 4255 Alexandri
1352 4188 1463 4273 Magni

318 4297 418 4362 aetati
447 4319 623 4381 supparum
654 4319 733 4381 quos
766 4297 928 4361 communi
950 4297 1108 4361 memoria
1131 4296 1369 4372 Quinctilianus
1391 4293 1465 4378 XII,

321 4405 374 4487 10,
398 4404 417 4466 6
443 4401 699 4484 comprehendit:
733 4401 979 4489 Protogenis,
1007 4401 1219 4486 Pamphili,
1242 4401 1464 4485 Melanthii,
