3288 5100
559 405 636 453 srva
660 404 908 456 nannousuvu
931 405 1037 454 maur.
1259 439 1264 447 .
1310 387 1373 450 539

231 549 281 612 vel
296 547 420 613 Plinius
439 547 608 613 consilium
632 551 760 614 secutus
780 552 837 632 est,
861 550 889 613 si
911 548 1122 615 nihilominus
1144 548 1280 612 notitiae
1293 546 1374 612 Var-

231 656 384 721 ronianae
413 656 535 740 species
563 657 721 740 quaedam
749 656 881 740 residet,
904 657 936 721 id
960 660 1053 721 tanto
1077 655 1193 718 certius
1217 655 1374 720 librorum

230 763 298 827 eius
333 763 564 827 advocatorum
597 763 818 827 testimonium
850 762 1039 828 tenebimus.
1097 761 1202 844 Atque
1235 761 1372 844 primum

230 870 331 953 ipsius
355 869 513 934 Varronis
540 867 646 954 (cuius
675 870 864 934 memoriam
892 869 1079 953 frequentat
1108 867 1181 932 aliis
1209 865 1302 949 locis,
1335 866 1375 929 cf.

230 977 294 1040 iud.
309 973 455 1058 Gesner.)
479 975 675 1039 mentionem
700 974 856 1040 habemus
881 977 966 1040 dicto
990 976 1059 1040 cius
1078 973 1249 1040 notissimo
1273 974 1375 1036 allato

231 1082 330 1162 590:
368 1079 493 1144 ‘Musas
522 1079 672 1144 Plautino
704 1102 848 1146 sermone
878 1083 1042 1146 locuturas
1071 1081 1185 1163 fuisse,
1218 1080 1246 1144 si
1275 1079 1375 1142 latine

230 1189 316 1272 loqui
341 1185 479 1252 vellent?
524 1185 647 1250 Deinde
676 1188 808 1253 nomina
838 1189 964 1272 eadem,
996 1211 1077 1274 quae
1105 1190 1139 1252 in
1161 1187 1375 1252 Varronianis

229 1293 484 1359 hebdomadibus
515 1292 677 1358 illustrata
706 1293 806 1358 fuisse
836 1295 963 1360 aliunde
996 1295 1162 1380 cognitum
1195 1297 1257 1376 est,
1290 1293 1373 1378 apud

231 1399 483 1477 Quinctilianum
515 1399 663 1482 redeunt,
696 1405 854 1484 quatenus
886 1401 993 1484 operis
1025 1403 1143 1466 natura
1171 1401 1373 1476 admittebat,

230 1511 358 1570 tautum
390 1527 457 1569 nou
490 1506 649 1590 omnia*).
701 1505 866 1571 Habemus
894 1508 1084 1590 Homerum,
1114 1530 1134 1572 a
1161 1529 1224 1591 quo
1253 1506 1374 1589 pariter

230 1616 327 1696 atque
343 1611 447 1676 Varro
471 1616 508 1674 ut
530 1635 550 1676 a
572 1611 647 1677 love
671 1613 835 1678 exordium
860 1615 946 1698 capit
969 1617 1055 1698 546,
1079 1637 1174 1699 quem
1193 1613 1303 1677 statim
1322 1633 1373 1676 ex-

230 1720 310 1802 cipit
342 1721 362 1798 ς
391 1718 434 1781 52
462 1715 637 1803 Hesiodus3
669 1719 827 1784 habemus
861 1719 1061 1785 Demetrium
1094 1721 1266 1802 Phalerea,
1297 1719 1374 1782 licet

232 1825 457 1890 versicolorem
487 1824 555 1888 eius
586 1829 709 1890 vestem
739 1848 805 1890 non
835 1827 916 1891 bene
947 1828 988 1891 ad
1018 1827 1179 1893 forensem
1210 1827 1373 1912 pulverem

232 1933 334 1997 lacere
367 1930 454 2012 §33
487 1931 662 2014 monuerit,
695 1935 805 1996 tamen
837 1933 922 1998 inter
954 1938 1099 2018 oratores
1136 1934 1208 1998 aliis
1245 1932 1373 1996 omissis

230 2043 514 2104 commemoratum
536 2039 628 2119 §802
653 2037 860 2123 ‘quinetiam
880 2039 1037 2105 Phalerea
1055 2041 1145 2106 illum
1167 2039 1374 2121 Demetrium,

231 2167 426 2228 quamquam
449 2145 477 2208 is
501 2147 624 2228 primus
648 2145 822 2210 inclinasse
846 2145 1063 2231 eloquentiam
1087 2147 1213 2230 dicitur,
1236 2146 1374 2209 multum

229 2251 351 2337 ingenii
382 2251 536 2316 habuisse
567 2255 600 2314 et
630 2251 800 2316 facundiae
831 2253 949 2336 fateor,
982 2254 1032 2317 vel
1059 2253 1101 2317 ob
1129 2253 1191 2316 hoc
1219 2253 1374 2316 memoria

230 2356 373 2440 dignum,
391 2359 475 2440 quod
492 2359 625 2422 ultimus
640 2361 691 2422 est
709 2357 775 2421 fere
794 2380 832 2422 ex
847 2359 966 2422 Atticis
982 2359 1037 2443 qui
1052 2357 1114 2422 dici
1129 2359 1233 2442 possit
1251 2362 1373 2443 crator;
1390 2379 1414 2417 n

230 2484 325 2545 quem
353 2467 463 2526 tamen
491 2463 524 2526 iu
554 2463 611 2526 illo
639 2463 745 2528 medio
769 2484 885 2548 genere
910 2465 1035 2530 dicendi
1058 2463 1201 2548 praefert
1224 2464 1374 2528 omnibus

231 2565 369 2650 Cicero',
402 2568 558 2632 habemus
592 2568 746 2652 denique,
779 2591 819 2633 ne
849 2571 957 2634 minus
988 2575 1078 2635 certa
1107 2570 1374 2653 praetermittam,

229 2673 418 2757 Euripidem
442 2678 462 2754 ξ
487 2675 538 2757 67,
562 2675 653 2739 cuius
676 2677 867 2740 memoriam
890 2699 910 2741 a
933 2677 1037 2742 Gellio
1061 2677 1164 2760 XVII,
1187 2681 1208 2741 4
1231 2678 1374 2743 nomina-

228 2782 289 2845 tim
318 2804 355 2846 ex
383 2780 529 2844 Varrone
556 2781 720 2864 proditam
749 2782 946 2847 Ritschelius
976 2783 1070 2870 (Mus.
1090 2784 1150 2848 Ith.
1169 2783 1216 2848 VI
1240 2807 1270 2868 p.
1294 2783 1373 2868 514)

180 2909 183 2918 ¹
229 2887 379 2971 inprimis
407 2885 665 2952 hebdomadibus
693 2887 793 2952 tribui
821 2909 917 2977 posse
947 2890 1214 2972 pronuntiaverit.
1260 2888 1373 2974 Neque

230 2995 403 3078 septenarii
435 2994 561 3059 numeri
598 2993 717 3058 indicia
750 2993 906 3077 quaedam
948 2995 983 3058 in
1019 2995 1143 3080 aliquot
1179 2997 1373 3080 scriptorum

229 3101 389 3166 classibus
412 3123 479 3166 non
502 3103 668 3184 apparent.
715 3099 767 3166 Sic
791 3102 953 3185 epicorum
977 3102 998 3165 i.
1012 3124 1038 3166 e.
1062 3125 1174 3168 corum
1198 3105 1253 3188 qui
1276 3102 1372 3167 hexa-

229 3213 332 3272 metro
353 3231 448 3272 versu
467 3207 517 3272 usi
536 3211 621 3290 aunt,
640 3211 767 3291 praeter
782 3207 970 3292 Homerum,
989 3231 1083 3292 quem
1104 3210 1269 3294 isagogico
1289 3209 1372 3274 libro

229 3316 476 3398 reservavimus,
509 3314 685 3380 hebdomas
719 3315 827 3398 prodit
859 3318 879 3395 ἓ
908 3315 965 3380 52:
1001 3314 1175 3398 Hesiodus,
1207 3315 1373 3400 Panyasis,

231 3420 434 3504 Apollonius,
449 3420 581 3502 Aratus,
595 3420 795 3504 Theocritus
817 3421 982 3504 Pisander,
1005 3419 1176 3506 Nicander,
1200 3422 1226 3485 si
1241 3421 1373 3505 Eupho-

229 3527 354 3590 rionem
387 3530 521 3610 propter
553 3525 686 3611 Virgilii
725 3527 942 3591 imitationem
975 3527 1016 3592 ab
1048 3528 1119 3611 ipso
1153 3527 1372 3606 Quinctiliano

230 3630 392 3694 adiectum
415 3636 519 3714 putes.
560 3631 683 3694 ltursus
707 3631 939 3696 historicorum
962 3631 1196 3698 hebdomadem
1220 3634 1373 3718 proponit

229 3736 312 3800 hauc
326 3739 346 3816 ξ
362 3738 417 3801 73:
436 3737 664 3821 Thucydidem,
684 3737 895 3822 Herodotum,
915 3739 1171 3823 Theopompum,
1189 3739 1372 3824 Philistum,

229 3843 411 3926 Ephorum,
438 3842 652 3926 Clitarchum,
680 3843 903 3929 Timagenem,
936 3847 969 3910 iu
998 3845 1114 3930 quibus
1142 3869 1182 3910 ne
1210 3845 1372 3910 desideres

228 3935 485 4032 Xenophontem,
504 3949 544 4014 dc
562 3948 721 4014 industria
739 3948 809 4032 ipse
829 3950 930 4016 addit:
954 3949 1150 4035 ‘Xenophon
1169 3974 1234 4016 non
1254 3953 1373 4016 excidit

228 4055 322 4138 mihi,
355 4054 411 4120 sed
441 4055 526 4119 inter
555 4054 768 4140 philosophos
799 4056 978 4124 reddendus
1011 4058 1086 4124 est'.
1136 4059 1186 4124 Ex
1216 4059 1385 4152 Romanisv

229 4161 416 4227 auctoribus
439 4164 459 4242 ξ
484 4161 527 4226 85
541 4184 588 4246 sq.
612 4167 736 4246 septem
759 4164 841 4247 epici
864 4169 980 4248 poetae
1008 4169 1240 4232 memorantur:
1263 4165 1371 4250 Virgi-

229 4269 292 4334 lius
317 4291 389 4333 cum
412 4268 555 4334 Homero
578 4269 727 4353 collatus,
750 4269 869 4354 Macer,
891 4270 1070 4356 Lucretius,
1084 4271 1189 4338 Varro
1206 4271 1372 4356 Atacinus,

318 4495 342 4564 *)
366 4497 453 4552 Deest
470 4515 540 4552 unus
558 4497 749 4568 Pythagoras,
768 4517 851 4569 quem
869 4500 1095 4571 praetermissum
1115 4517 1196 4556 nemo
1215 4501 1370 4560 mirabitur.
