3288 5100
564 409 642 456 s1vs
666 407 913 456 rrasnormnvm
937 407 1042 455 mam.
1313 391 1376 453 537

235 549 379 614 haustas.
417 549 486 626 Quo
510 551 598 616 facto
621 553 728 636 ipsum
752 552 910 616 librorum
933 572 1060 633 nomen,
1084 549 1167 634 quod
1192 570 1286 614 nemo
1310 549 1379 632 qui-

235 655 307 719 dem
327 677 467 741 unquam
486 657 657 742 dubitavit,
681 659 757 742 quin
777 681 796 721 a
816 658 958 741 septenis
977 656 1177 741 imaginibus
1196 677 1253 739 per
1272 657 1379 738 capita

237 762 404 846 dispositis
427 764 635 828 derivandum
659 764 711 848 sit,
735 765 782 827 ita
806 764 1002 828 illustratum
1027 771 1076 826 est
1096 766 1193 845 atque
1211 763 1378 827 confirma-

176 886 178 892 ’
235 871 314 952 tum,
338 875 375 933 ut
397 891 491 935 nemo
515 875 649 955 propter
671 869 827 936 Varronis
853 869 973 934 dictum
997 893 1017 933 a
1037 867 1140 932 Gellio
1164 869 1301 934 relatum
1322 869 1379 954 Ill,

239 976 288 1057 10,
315 977 353 1039 17
384 975 435 1042 ‘se
463 999 590 1061 quoque
619 977 685 1042 iam
713 975 936 1040 duodecimam
962 987 1121 1040 annorum
1144 974 1379 1042 hebdomadam

236 1081 417 1165 ingressum
446 1105 515 1147 esse
544 1083 639 1147 etad
665 1105 736 1147 eam
760 1083 845 1147 diem
870 1082 1079 1167 septuaginta
1102 1081 1320 1148 hebdomadas
1346 1085 1380 1147 li-

237 1189 360 1254 brorum
379 1188 624 1273 conscripsisse'
644 1189 682 1253 de
701 1188 937 1254 hebdomadum
958 1189 1180 1272 appellatione
1204 1211 1223 1252 a
1247 1211 1380 1256 numero

235 1293 351 1360 horum
381 1296 539 1361 librorum
568 1296 741 1379 repetenda
764 1296 908 1380 cogitare
932 1295 1046 1378 possit.
1093 1295 1198 1379 Atque
1222 1317 1259 1359 ex
1284 1297 1379 1360 medi·

236 1424 345 1467 corum
383 1403 584 1468 hebdomade
621 1403 706 1487 apud
739 1403 880 1466 Plinium
913 1401 1022 1482 obvia,
1059 1423 1122 1484 qua
1154 1399 1380 1486 Hippocrates,

236 1507 380 1592 Diocles,
412 1509 629 1594 Praxagoras,
663 1508 879 1592 Chrysippus,
911 1507 1144 1590 Erasistratus,
1175 1507 1381 1596 Herophilus,

236 1613 445 1696 Asclepiades
475 1615 803 1699 comprehenduntur,
835 1636 900 1678 non
929 1613 1033 1677 solum
1057 1614 1264 1696 perspicitur,
1297 1614 1381 1698 quod

236 1719 314 1783 data
337 1741 436 1802 opera
460 1721 631 1786 annotavit
653 1721 863 1804 Ritschelius,
887 1721 922 1784 in
945 1720 1060 1784 horum
1084 1719 1272 1784 nominibus
1296 1741 1381 1784 com-

236 1826 393 1910 ponendis
417 1825 599 1891 Varronem
623 1849 688 1892 non
711 1826 893 1911 neglexisse
917 1831 1099 1910 temporum
1123 1827 1298 1912 rationem,
1326 1828 1386 1892 sed·

236 1933 334 1997 etiam
360 1937 497 2017 apparet
520 1955 592 1997 erim
613 1933 653 1998 ab
673 1934 864 2018 aequalibus
882 1933 1074 2018 recipiendis
1095 1955 1159 1998 uon
1179 1933 1383 2018 abstinuisse,

236 2060 333 2121 quum
366 2039 591 2122 Asclepiadem
621 2039 745 2105 Plinius
774 2043 794 2122 ξ
821 2042 862 2104 12
891 2045 997 2105 aetate
1027 2039 1137 2126 Magni
1166 2040 1312 2124 Pompeii
1341 2040 1381 2105 ab

115 2149 119 2158 ’
237 2146 351 2211 orandi
370 2133 560 2230 magisterid
577 2147 617 2211 ad
632 2151 735 2212 artem
751 2147 908 2211 medicam
924 2169 957 2212 se
972 2149 1169 2213 convertisse
1184 2149 1382 2231 profiteatur.

236 2251 339 2316 Paulo
368 2252 554 2336 impeditior
581 2256 632 2317 est
661 2252 798 2318 Brunnii
825 2255 1057 2318 statuariorum
1086 2253 1277 2318 hebdomas:
1309 2253 1383 2322 Phi:
1475 2275 1477 2280 '

237 2359 336 2440 diam,
359 2357 572 2441 Polyclitum,
597 2357 779 2443 Myronem,
807 2359 1040 2444 Pythagoram,
1070 2359 1262 2443 Lysippum,
1291 2359 1383 2422 Tele-

237 2463 387 2547 phanem,
406 2463 602 2527 Praxitelem
618 2465 787 2548 complexa
802 2487 821 2529 a
835 2465 941 2531 Plinio
956 2464 1095 2530 XXXIV
1111 2467 1131 2546 ξ
1146 2466 1274 2529 54-71
1297 2463 1382 2528 haud

238 2569 333 2634 dubie
371 2591 408 2633 ex
446 2567 644 2652 imaginibus
677 2551 892 2634 Varronianis
929 2575 1206 2636 commemoratos.
1270 2567 1382 2654 Neque

236 2681 344 2738 tamen
376 2675 410 2737 in
434 2673 620 2756 Telephane
649 2675 893 2770 eththagora
920 2677 1171 2761 ignobilioribus
1195 2677 1260 2740 illis
1284 2677 1381 2740 offen·
1398 2695 1424 2734 1⁰

238 2781 357 2864 dimus,
385 2781 502 2864 quippe
531 2781 604 2864 plus
633 2803 697 2846 uno
720 2783 849 2847 nomine
873 2807 892 2846 a
915 2783 1062 2848 Brnnnio
1087 2783 1138 2846 vel
1163 2806 1182 2847 a
1206 2782 1382 2846 Ritschelio
1506 2766 1512 2778 ¹

239 2887 397 2951 defensos.
435 2886 496 2951 Sed
521 2887 710 2953 offendimus
730 2889 765 2952 in
783 2889 957 2954 Praxitele.
995 2889 1057 2966 Qui
1082 2912 1180 2974 quum
1205 2891 1383 2952 extremum

239 2995 345 3060 locum
366 2995 451 3059 inter
470 2997 595 3078 septem
615 2995 791 3062 statuarios
811 2995 896 3079 apud
911 2997 1052 3060 Plinium
1071 3001 1186 3061 nactus
1206 2995 1257 3076 sit,
1280 3015 1382 3078 neque

236 3103 304 3167 ullo
329 3102 408 3166 artis
432 3101 551 3166 iudicio
576 3106 719 3186 ornatus,
742 3102 837 3167 huius
861 3107 895 3167 et
917 3103 1040 3194 ordinis
1060 3107 1093 3167 et
1112 3103 1233 3167 silentii
1253 3101 1383 3184 permiri

236 3210 397 3274 rationem
420 3208 467 3272 ita
491 3209 647 3293 explicuit
669 3207 845 3290 Brunnius,
873 3213 911 3274 ut
939 3230 1033 3292 quem
1057 3208 1182 3273 Plinius
1207 3207 1383 3272 ‘marmore

236 3314 413 3380 feliciorem
436 3315 573 3400 ideoque
597 3319 630 3380 et
652 3314 838 3380 clariorem'
864 3301 962 3398 dicat,
986 3337 1059 3379 eum
1083 3319 1253 3399 propterea
1277 3337 1297 3378 a
1320 3320 1382 3378 sta-

236 3420 417 3484 tuariorum
459 3421 614 3485 societate
652 3420 858 3486 Varroniano
895 3421 1071 3484 seiunxerit
1111 3421 1383 3505 reservaveritque

237 3525 436 3608 sculptorum
465 3524 625 3609 recensui,
655 3525 711 3590 nbi
741 3529 850 3590 tamen
880 3527 918 3591 de
949 3548 986 3592 eo
1013 3527 1167 3592 iudicium
1195 3526 1382 3593 aVarrone

237 3631 343 3715 priore
371 3632 443 3695 loeo
471 3629 594 3694 factum
623 3631 841 3715 imprudenter
868 3633 1015 3697 omiserit
1045 3634 1202 3699 naturalis
1230 3633 1384 3698 historiae

238 3737 443 3819 compositor.
481 3735 567 3802 Nam
590 3740 664 3802 utut
686 3742 779 3803 acute
803 3740 864 3804 hoc
885 3739 1105 3824 excogitatum
1127 3743 1186 3823 est,
1209 3745 1319 3804 tamen
1343 3761 1383 3802 ne

238 3842 283 3906 sic
317 3842 445 3926 quidem
478 3843 589 3908 mirari
622 3844 818 3928 desinemus,
851 3867 871 3908 a
899 3844 1043 3909 Varrone
1076 3844 1268 3910 Praxitelem
1301 3867 1384 3910 mar·

237 3969 326 4011 more
350 3949 525 4032 sculpendo
549 3951 717 4016 clariorem
736 3973 802 4016 non
820 3952 906 4016 inter
925 3953 1112 4036 sculptores,
1135 3953 1190 4016 sed
1213 3953 1296 4016 inter
1319 3957 1383 4017 sta-

238 4055 361 4118 tuarios
384 4059 549 4138 receptum
573 4079 652 4142 esse,
675 4059 792 4141 quibus
816 4081 907 4122 suam
930 4058 1164 4124 hebdomadem
1188 4059 1236 4122 vel
1262 4058 1384 4142 Scopae

236 4165 349 4226 nostro
367 4163 439 4228 loco
458 4183 525 4226 non
544 4165 761 4247 comparentis
779 4187 898 4230 nomen
916 4165 1010 4229 docet
1028 4165 1139 4229 datam
1157 4163 1267 4230 fuisse.
1297 4165 1382 4230 Nam

237 4269 372 4332 eundem
402 4268 598 4333 Praxitelem
628 4271 678 4334 bis
709 4269 898 4335 aVarrone
927 4270 1131 4354 propositum
1161 4269 1260 4334 fuisse
1290 4293 1384 4335 nemo

238 4379 289 4439 est
320 4376 375 4458 qui
408 4375 587 4440 crediderit.
640 4377 724 4441 Eum
748 4376 905 4442 Venonis
939 4377 1007 4440 sive
1040 4397 1180 4440 errorem
1212 4376 1384 4440 fortuitum

238 4483 304 4546 sive
329 4481 471 4547 animum
493 4485 690 4570 pertinacem
713 4506 754 4549 ne
774 4485 991 4567 admittamus,
1014 4483 1085 4568 ipse
1104 4481 1231 4548 Plinius
1251 4483 1384 4548 suadere
