3302 5106
593 409 866 464 nrscrrmunnvu
890 409 1012 456 murus
1308 391 1370 455 377

229 553 295 620 tica
317 555 464 639 exposita
487 575 556 618 esse
571 551 732 619 Cornutus
755 552 846 618 dicit:
870 551 925 616 sed
949 551 1084 616 alteram
1108 553 1219 616 tamen
1242 550 1276 614 in
1299 572 1372 634 par-

229 665 296 725 tem
318 683 383 726 non
406 662 511 726 levem
535 660 601 726 vim
624 659 685 724 hoc
708 659 816 742 habet,
840 657 924 744 quod
950 659 1018 724 eius
1041 657 1264 723 commentarii
1284 657 1373 722 nulla

232 767 317 852 apud
334 767 535 834 Priscianum
554 767 632 831 alibi
651 765 774 830 mentio
794 765 840 848 fit,
863 765 902 829 de
921 763 1046 850 origine
1066 767 1174 829 autem
1193 764 1214 828 l.
1233 765 1254 830 l.
1271 764 1373 830 libros

230 875 294 940 sibi
318 876 466 961 cognitos
490 875 559 960 ipse
580 877 729 939 testatur.
745 911 787 918 --
802 871 953 937 Ceterum
972 868 1209 936 eVarroniana
1227 871 1375 936 doctrina

230 982 335 1044 totum
359 981 548 1065 pependisse
567 979 737 1066 Nigidium
751 979 904 1064 Figulum
928 981 1039 1043 auctor
1062 981 1112 1042 est
1126 975 1249 1043 Marius
1263 976 1373 1043 Victo·

231 1087 319 1152 rinus
344 1087 382 1151 de
406 1087 552 1171 orthogr.
575 1109 605 1170 p.
630 1087 717 1152 2456
740 1086 775 1151 Ρ.
799 1085 884 1152 8G.:
913 1086 1061 1168 Nipidina
1082 1085 1216 1169 Fr'grrotns
1239 1086 1273 1150 in
1295 1105 1374 1150 com·

230 1195 391 1259 nantariie
408 1195 473 1260 aris
491 1215 545 1259 nec
562 1193 701 1278 tposurit
718 1215 772 1259 neo
789 1214 809 1276 q
826 1215 880 1258 nea
896 1214 926 1257 r.
954 1193 1034 1257 idem
1047 1191 1068 1256 t
1082 1213 1144 1257 non
1162 1213 1224 1259 esse
1242 1193 1375 1257 litteram

231 1304 284 1367 sed
304 1307 409 1367 notam
432 1303 633 1384 aspirationis
651 1303 788 1367 tradidit.
826 1298 874 1366 ef.
893 1323 922 1386 p.
943 1301 1030 1366 2466
1051 1297 1132 1388 (22).
1156 1298 1375 1384 Similiterque

233 1431 305 1474 cum
329 1409 384 1472 ille
408 1413 478 1472 tum
502 1408 558 1472 alii
581 1408 615 1473 in
639 1408 726 1474 aliis:
750 1407 834 1493 quod
858 1429 943 1472 nunc
965 1408 1114 1492 persequi
1138 1408 1272 1493 longum
1295 1409 1353 1472 est.

319 1515 350 1579 4.
387 1514 552 1598 Imprimis
586 1514 761 1600 diligenter
792 1519 825 1578 et
855 1513 984 1597 copiose
1015 1513 1054 1578 de
1084 1515 1105 1579 a
1133 1515 1245 1580 littera
1274 1512 1376 1596 deque

232 1621 431 1706 aspiratione
456 1620 635 1687 Varronem
666 1623 848 1706 disputasse
880 1621 941 1685 etsi
971 1621 1052 1686 satis
1081 1621 1272 1686 documento
1301 1623 1376 1684 sunt

232 1727 366 1793 Cornuti
381 1727 575 1811 Apuleiique
598 1750 680 1811 quae
699 1727 945 1812 perscripsimus
965 1728 1160 1812 testimonia,
1182 1731 1291 1793 tamen
1311 1727 1376 1810 ple-

232 1835 305 1900 nius
333 1836 432 1900 etiam
462 1834 548 1899 idem
572 1857 610 1899 ex
634 1835 772 1900 aliorum
796 1835 924 1920 scriptis
948 1836 1235 1921 grammaticorum
1258 1853 1377 1919 cagna-

234 1941 341 2006 scitur.
386 1939 698 2007 Coniunctissimum
726 1963 798 2006 cum
821 1940 1011 2025 Apuleianis
1038 1942 1099 2008 hoe
1128 1945 1177 2006 est
1205 1939 1289 2025 apud
1313 1938 1377 2004 Ve-

234 2047 314 2112 lium
337 2047 484 2134 Longum
518 2047 556 2112 de
584 2048 755 2134 orthogr.
783 2071 814 2133 p.
837 2049 939 2114 2230:
972 2055 1007 2114 ut
1034 2051 1118 2114 testis
1144 2053 1188 2114 ast
1215 2047 1329 2130 Varro,
1357 2068 1378 2110 a

233 2153 360 2219 Sabinis
380 2154 489 2234 sacena
512 2155 637 2238 dicitur,
668 2155 796 2220 etnerd
816 2174 833 2219 s
852 2154 1056 2236 familiariter
1079 2157 1114 2220 in
1136 2177 1154 2218 r
1177 2155 1303 2233 transit,
1334 2155 1378 2218 ila

230 2261 253 2342 f
275 2262 310 2325 in
332 2261 466 2326 uicinam
488 2263 708 2344 aspirationem
730 2266 879 2327 mutatur.
924 2259 984 2326 Oui
1007 2283 1135 2326 rursum
1158 2261 1302 2344 proxima
1326 2283 1377 2324 aa

233 2367 318 2432 cedit
341 2365 529 2433 Servianum
553 2367 635 2432 illud
659 2367 693 2430 in
716 2365 933 2450 Aen.1,172:
956 2369 1065 2446 arena]
1089 2368 1249 2449 quanitar
1270 2367 1379 2431 tabeat

232 2495 322 2540 neore
345 2495 455 2540 nonien
477 2474 533 2539 hoc
554 2474 785 2555 aspirationern.
808 2478 837 2538 et
864 2473 963 2538 Varro
986 2475 1030 2539 sie
1052 2475 1175 2558 definit:
1202 2475 1291 2540 siat
1314 2475 1377 2538 ari-

232 2584 328 2647 ditate
354 2583 482 2659 dicitur,
510 2601 573 2645 non
595 2579 695 2664 aar,
726 2582 755 2645 ei
777 2580 816 2644 ab
838 2579 1002 2664 aaaaao,
1034 2587 1069 2646 ut
1090 2583 1126 2647 in
1146 2582 1275 2664 fabricis
1297 2581 1377 2646 eide-

233 2709 309 2765 rnue,
332 2687 428 2752 habet.
470 2685 522 2751 Ad
546 2685 682 2751 eundem
705 2686 744 2750 de
768 2686 967 2770 aspiratione
987 2687 1093 2752 locum
1116 2687 1195 2754 haee
1213 2689 1378 2773 pertinent

235 2793 414 2860 Charisiil
442 2815 472 2878 p.
501 2794 556 2859 56:
583 2793 750 2876 putctnrna
787 2793 887 2858 Varro
914 2795 1053 2876 aspirari
1078 2795 1181 2860 debere
1206 2801 1309 2878 nrpat,
1341 2815 1379 2860 ne

233 2903 353 2968 daubins
379 2901 616 2968 consonantibus
643 2902 744 2966 media
772 2901 938 2965 interaatat
958 2902 1122 2983 aspiratio,
1150 2903 1231 2984 arrad
1252 2903 1379 2968 mininie

234 3015 348 3074 rectum
374 3010 514 3092 antiquis
541 3009 708 3074 videbatur.
736 3009 817 3073 unde
843 3012 872 3072 et
896 3009 1067 3092 copularant
1095 3009 1239 3092 hodieque
1268 3013 1379 3092 manet,

234 3117 315 3198 qaod
335 3117 377 3182 eit
398 3137 533 3183 seorsum
556 3138 577 3180 a
593 3115 717 3199 purtem,
735 3120 861 3198 propter
883 3115 1121 3180 recordationem
1143 3115 1274 3182 aona:
1302 3137 1379 3180 nam

234 3222 313 3288 haee
335 3244 459 3308 quoque
482 3227 647 3308 postrema
669 3221 907 3288 Varronianam
932 3245 1044 3307 sapere
1066 3221 1247 3287 doctrinam
1269 3221 1377 3287 viden·

235 3334 297 3397 tur.
342 3329 490 3415 Denique
521 3329 601 3395 adde
629 3325 770 3393 Charisii
794 3328 810 3393 I
832 3351 862 3413 p.
886 3329 942 3394 62:
976 3327 1114 3394 Graccus
1143 3334 1171 3393 et
1200 3333 1285 3395 ortus
1313 3329 1380 3394 eine

234 3439 423 3520 aspiratione
449 3437 511 3503 dici
533 3437 635 3502 debere
663 3433 763 3502 Varro
784 3437 843 3514 ait,
871 3441 900 3500 et
920 3441 1021 3501 ortam
1043 3437 1164 3520 quatem
1186 3437 1268 3520 qaod
1290 3438 1324 3501 in
1346 3457 1379 3501 ea

235 3545 340 3609 omnia
370 3547 525 3627 oriantur,
554 3542 708 3608 Graccum
737 3547 838 3606 aretem
867 3563 888 3606 a
912 3543 1055 3627 perennia,
1085 3545 1167 3626 quad
1193 3549 1292 3608 mater
1314 3544 1380 3609 cirre

235 3652 390 3717 driodecina
415 3649 568 3717 menardus
590 3653 676 3714 utero
698 3670 767 3714 arni
787 3652 954 3732 pastoraii.
1002 3650 1093 3726 Quod
1117 3653 1258 3715 testatur
1282 3651 1379 3715 etiam

236 3757 375 3822 Scaurus
403 3758 442 3822 de
470 3755 643 3841 orthogr.
671 3779 702 3841 p.
725 3755 825 3821 2256:
857 3761 948 3839 neyat
975 3756 1075 3822 Varro
1102 3756 1195 3820 enam
1223 3755 1381 3821 (truncatus

234 3865 446 3944 aspirandum,
468 3867 616 3948 queniam
639 3865 805 3948 ayermdo
822 3865 864 3929 sit
881 3864 1127 3947 copnominatas:
1150 3865 1280 3927 matrem
1298 3865 1380 3927 enirn

235 3969 314 4052 eiras,
345 3971 399 4051 qui
424 3972 548 4050 panias
571 3971 709 4038 Graeca
735 3973 776 4037 sit
797 3973 909 4050 datae,
940 3971 1097 4036 duodecim
1119 3970 1273 4036 umatus
1296 3974 1380 4035 atero

234 4095 304 4140 eum
327 4071 438 4160 (vulgo
461 4075 595 4162 uterum)
616 4081 750 4162 paenae.

324 4183 355 4246 5.
386 4181 431 4246 Et
449 4181 528 4246 haec
547 4185 673 4269 quidem
693 4186 731 4249 de
751 4186 949 4269 aspiratione
968 4188 1142 4270 supersunt
1156 4183 1380 4250 Varronianae
1394 4213 1420 4252 aa

236 4287 403 4364 doetrinae
431 4287 583 4370 frustula,
610 4310 727 4374 magna
754 4297 840 4356 certe
865 4313 902 4356 ex
927 4295 1033 4374 parte,
1060 4290 1123 4354 nisi
1146 4289 1233 4353 fallit
1256 4291 1379 4356 coniec-

169 4439 173 4448 ·
235 4398 322 4478 tura,
354 4417 392 4460 ex
425 4394 519 4459 libris
548 4395 588 4460 de
616 4395 742 4480 origine
770 4397 901 4483 linguae
931 4398 1052 4462 latinae
1075 4396 1187 4480 petita.
1232 4397 1379 4464 indidem

238 4502 376 4567 fortuma
400 4502 466 4568 alia
489 4503 647 4588 quaedam
670 4507 801 4589 sumpta
825 4509 902 4570 sunt
927 4504 966 4569 ad
991 4503 1072 4569 alios
1095 4503 1184 4571 lacos
1208 4505 1376 4592 orthogra-
