3288 5100
1290 397 1354 462 507

212 558 371 642 reliquum
394 557 516 622 feccrit
553 557 716 641 Apparuit
740 559 847 622 sutem
871 556 1014 622 codicem
1038 556 1143 640 illum,
1167 578 1262 640 quem
1286 579 1355 622 sae·

213 663 286 730 culo
317 663 382 729 XII
410 664 634 749 catalogorum
661 663 696 728 in
723 662 795 747 ipsa
821 663 1022 730 bibliotheca
1049 663 1246 729 exstantium
1274 663 1357 730 alter

212 771 341 856 tribuit,
365 771 447 836 alter
470 770 595 836 ineunti
618 767 711 854 XIII,
740 792 851 835 onmes
884 770 959 836 dum
982 771 1110 857 integer
1132 773 1182 836 est
1204 769 1356 854 Origenis

213 879 246 944 in
275 877 442 962 Genesim,
469 876 633 961 modum,
659 876 856 961 Leviticum,
888 865 1049 944 Numeros
1077 878 1229 944 homilias
1256 878 1356 943 latine

213 1006 383 1050 conversas
416 1009 436 1050 a
468 983 586 1050 Rufino
619 981 822 1067 complexum
855 1005 940 1068 esse,
972 983 1146 1069 deperditis
1178 1008 1254 1050 vero
1287 1007 1356 1070 per-

212 1091 325 1156 multis
348 1091 545 1156 membranis
568 1090 616 1154 ita
637 1089 790 1155 mutilum
814 1089 956 1155 evasisse
979 1095 1103 1157 utnon
1126 1092 1236 1176 plures
1260 1115 1356 1176 quarn

212 1195 269 1263 GV
288 1197 495 1264 membranae
513 1217 598 1261 nunc
617 1195 808 1280 superstites
828 1195 906 1260 sint.
938 1195 1045 1280 Atque
1063 1195 1207 1262 homiliis
1227 1197 1357 1282 quidem

215 1303 296 1388 ipsis
319 1303 487 1369 immorari
510 1302 563 1367 hic
586 1301 669 1366 nihil
693 1301 824 1367 attinet:
847 1302 1018 1387 prologum
1038 1305 1146 1368 autem
1165 1303 1384 1388 Hieronymir

212 1410 246 1475 in
260 1409 385 1475 duabus
400 1409 530 1496 paginis
544 1408 710 1493 bipertitis
728 1408 943 1493 perscriptum
960 1407 1120 1475 laetamur
1136 1410 1221 1495 quod
1236 1407 1356 1475 Schlei-

214 1516 303 1582 cheri
326 1516 458 1599 virtute,
485 1517 706 1581 litteratorum
729 1519 838 1580 autem
865 1515 1033 1580 bominum
1056 1538 1122 1582 non
1145 1517 1298 1582 mediocri
1321 1521 1358 1580 ut

210 1626 362 1708 putamus
395 1621 579 1704 commode,
616 1623 779 1706 integrum
801 1641 888 1684 nunc
920 1620 1037 1685 iterare
1073 1621 1151 1688 licet
1183 1623 1223 1687 ad
1255 1623 1356 1706 ipsius

210 1729 306 1794 fidem
331 1727 451 1792 codicis
474 1747 675 1812 expressum,
703 1731 736 1792 et
764 1727 811 1792 ita
833 1726 963 1811 quidem
988 1749 1175 1812 expressum
1197 1734 1247 1813 ut,
1275 1753 1357 1814 quae

211 1837 251 1902 ad
284 1835 458 1919 Origenem
489 1833 666 1917 pertinent,
703 1833 768 1898 nisi
800 1833 856 1898 ubi
888 1834 1042 1920 ambigua
1074 1839 1161 1902 esset
1192 1837 1357 1922 memoris,

211 1940 405 2025 simpliciter
427 1939 625 2024 transcripta
648 1940 729 2024 sint,
757 1943 872 2005 contra
899 1939 935 2004 in
961 1940 1081 2025 prioris
1105 1942 1243 2028 paginae
1265 1947 1357 2027 parte

210 2049 332 2134 priore,
373 2069 456 2133 quae
494 2068 621 2112 omnem
658 2045 816 2112 Varronis
853 2047 1081 2128 πολυγραφίαν
1121 2050 1357 2134 complectitur,

210 2154 368 2221 laudabili
397 2153 535 2220 consilio
567 2153 658 2237 ipsae
691 2152 875 2218 litterarum
907 2152 1045 2236 formae,
1078 2155 1190 2238 quales
1219 2159 1295 2220 sunt
1323 2157 1357 2220 in

210 2263 332 2346 codice,
361 2260 518 2326 imitando
546 2263 818 2344 repraesentatae.
859 2259 973 2344 Itaque
995 2281 1055 2324 nos
1084 2261 1257 2327 coniuncta
1284 2285 1356 2328 cum

207 2367 409 2454 typographi
428 2365 630 2451 lithographi
649 2370 718 2431 arte
738 2364 920 2449 exemplum
939 2365 1058 2430 codicis
1077 2365 1162 2430 infra
1180 2367 1357 2451 posuimus,

212 2475 296 2559 quod
320 2475 375 2558 qui
398 2474 588 2538 intueantur
610 2474 663 2534 sat
681 2474 805 2534 certum
824 2471 1071 2536 meditationum
1091 2493 1221 2536 suarum
1244 2473 1356 2540 funda-

211 2583 356 2646 mentum
388 2576 534 2643 bebituri
562 2597 632 2640 esse
660 2575 843 2641 videantur
880 2575 994 2662 Neque
1026 2578 1112 2642 enim
1146 2577 1185 2642 de
1218 2577 1355 2664 singulis

211 2687 274 2752 boc
305 2687 377 2752 loco
411 2685 577 2769 disputare
609 2683 658 2746 vel
691 2682 818 2747 animus
850 2684 945 2748 nobis
978 2685 1030 2750 rel
1059 2685 1162 2749 otium
1194 2684 1269 2748 fuit:
1301 2685 1356 2768 qui

212 2791 383 2858 materiam
403 2787 644 2857 commentandi
663 2787 756 2852 vobis
779 2787 907 2854 tradere
927 2811 1026 2874 quarn
1049 2792 1356 2856 commentationem

212 2897 363 2964 exhibere
396 2896 461 2982 ipsi
490 2895 708 2961 maluerimus.
751 2893 874 2971 Quodsi
908 2896 1076 2981 utriusque
1105 2897 1245 2980 exempli
1272 2919 1357 2963 nunc

211 3005 455 3089 comparatione
488 3003 641 3068 instituta
672 3001 854 3085 Imaginem
890 3023 954 3068 non
988 3001 1031 3066 LI
1069 3003 1125 3068 sed
1157 3001 1218 3068 XV
1254 3003 1356 3070 libros

211 3113 446 3198 Hieronymum
469 3111 586 3177 testari
609 3107 843 3194 cognoveritis,
866 3107 928 3174 boc
951 3108 1046 3173 facile
1069 3109 1268 3194 intellegetis
1291 3111 1357 3176 tale
1410 3161 1413 3168 .

212 3241 282 3285 esse
300 3224 337 3285 ut
356 3223 388 3284 et
405 3219 527 3304 ingenii
542 3216 667 3283 utiIIter
682 3214 851 3280 exercendi
870 3219 903 3281 et
916 3237 1051 3281 caussae
1070 3216 1174 3299 ipsius
1192 3217 1356 3284 fructuose

211 3324 441 3409 disceptandas
465 3327 692 3410 argumentum
716 3321 921 3408 aptissimum
944 3323 1114 3388 inventum
1138 3323 1228 3408 sit.*)

212 3487 423 3498 -—-.-·⁴--

282 3571 308 3640 *)
324 3569 408 3642 [Vide
427 3585 499 3639 quae
517 3567 591 3622 infra
609 3585 635 3638 p.
648 3571 700 3622 525
720 3585 754 3622 ex
772 3567 935 3638 Chappuisii
954 3567 1025 3624 libro
1044 3569 1079 3624 de
1098 3570 1205 3626 duobus
1224 3569 1357 3626 Parisinis

212 3657 355 3715 codicibus
374 3655 492 3713 eundem
511 3655 671 3726 catalogum
693 3654 942 3725 Hieronymianum
962 3657 1157 3715 exhibentibus
1175 3659 1265 3714 relata
1285 3661 1355 3715 sunt.

213 3747 241 3804 o.
261 3746 320 3818 π]

663 3997 901 4010 m
