3294 5104
488 397 731 459 stssmosns
755 397 1088 448 ouousrouocross.
1294 381 1360 448 305

217 539 536 622 *Ἀριττοφόντητ
551 543 859 627 Aristophontes
879 539 1193 626 (Amsroronunsh
1213 541 1362 625 captivus

260 645 481 733 Captivorum.
523 649 658 714 Factum
671 671 790 714 nomen
804 652 841 712 nt
854 647 1081 728 Ἀργειφόντητ
1097 648 1362 728 Βελλεροφόντηε

262 755 467 836 Κλεοφόντηε
482 756 712 852 Πολυφόντηττ
731 753 1020 840 quibusgemcllse
1035 752 1232 832 Ἀριετοφῶν
1247 755 1360 820 Βελλε-

260 866 375 940 ροφῶν
400 865 556 942 Κλεοφῶν
579 862 712 928 formae.
1394 941 1400 954 ἡ

213 968 406 1047 Ἀρπαγοε
429 969 649 1055 Harpagus:
673 990 736 1034 uno
759 968 831 1056 loco
849 967 1001 1033 Pseuduli
1024 967 1065 1053 11,
1085 968 1115 1052 2,
1136 969 1178 1033 70
1201 966 1305 1054 (665),
1329 973 1365 1033 et

260 1077 409 1142 vocativo
432 1076 561 1161 quidem
584 1075 748 1160 Ηατφαρρ,
777 1074 894 1138 dicitur
917 1076 971 1159 qui
998 1097 1055 1159 per
1082 1074 1241 1159 reliquum
1269 1076 1362 1142 febu-

261 1181 326 1246 lem
353 1187 403 1248 est

213 1283 378 1366 *Ἅρπαξ
398 1288 566 1374 Harpax,
586 1290 706 1354 oscula.
744 1288 825 1354 Vide
845 1288 1043 1354 Lobeckium
1062 1286 1201 1372 Paralip.
1221 1310 1269 1374 gr.
1284 1291 1361 1375 gul

263 1416 294 1476 p.
320 1395 383 1459 135
406 1395 490 1480 adn,
513 1395 743 1460 Buechelerum
767 1395 851 1460 Mus.
875 1394 977 1460 Rhen.
1001 1393 1064 1460 XV
1087 1417 1117 1478 p.
1140 1395 1215 1460 436.

214 1498 428 1581 *Ἀρτάμων
452 1503 626 1568 Artemo:
655 1502 794 1568 lorarius
821 1501 1027 1568 Bacchidem.
1074 1500 1124 1566 cf.
1150 1501 1316 1588 Parergon
1344 1504 1359 1568 Ι

258 1631 290 1692 Ρ·
317 1609 387 1674 154·
700 1645 726 1692 ο

216 1712 403 1794 Ἀρτέμων
426 1716 598 1784 Artemo:
621 1716 732 1782 fabula
756 1717 865 1782 Plauti
888 1714 923 1800 (a
946 1715 1032 1781 servi
1054 1713 1209 1802 nomine),
1236 1715 1274 1779 de
1297 1738 1363 1800 que

261 1820 380 1886 ibidem
409 1822 531 1888 dictum
559 1847 589 1908 p.
620 1824 682 1888 153
698 1845 743 1907 sq.
793 1823 883 1888 Idem
911 1843 1030 1888 nomen
1058 1821 1089 1886 in
1119 1821 1222 1886 titulis
1251 1822 1364 1888 latinis

258 1929 309 1990 est
332 1933 369 1991 ut
391 1927 415 1991 Ι.
438 1927 477 1992 R.
500 1929 540 1994 N.
563 1931 652 1996 4164
681 1929 826 2016 (Artemo
849 1931 900 1994 vel
924 1929 1069 1994 Arternas
1090 1928 1125 1992 in
1148 1927 1247 2016 aliis).

215 2030 450 2114 *Ἀρτεμώνη
470 2035 696 2103 Artemona:
715 2060 796 2103 uxor
815 2035 994 2102 Asinarise.
1033 2031 1094 2116 [cf.
1115 2033 1361 2118 Ἠλεκτρυώνῃ]

217 2138 503 2221 *Ἀρτότρωγοτ
539 2143 793 2230 Artotrogus:
842 2144 1005 2228 parasitus
1054 2142 1170 2207 Militis
1220 2143 1365 2228 gloriosi.

262 2244 324 2326 [cf.
347 2249 532 2328 κυαμοτρώξ
557 2251 642 2335 upud
664 2251 832 2335 Aristoph.
855 2251 964 2334 Equit.
988 2251 1045 2332 413
1068 2250 1295 2333 Mensaque]

217 2351 475 2434 *Αρχεττράτη
504 2355 763 2424 Archestrets
791 2353 1072 2444 (Ascnsrssrn):
1099 2354 1218 2436 nutrix,
1247 2355 1363 2422 Curcu-

262 2458 359 2560 lionis
384 2459 424 2544 V,
439 2462 469 2544 2,
487 2463 531 2526 44
546 2460 651 2549 (643),
674 2464 730 2528 ubi
754 2463 855 2528 Vetus
880 2463 978 2528 codex
1002 2460 1133 2525 exhibet
1155 2461 1349 2528 urthestraln.

216 2561 460 2646 Ἀρχίβουλοε
484 2568 721 2634 Archibulus
741 2566 989 2654 (Aucrsvnvsh
1013 2566 1226 2652 argentarius,
1245 2567 1362 2634 Asina·

262 2671 328 2736 riae
346 2671 371 2756 Ι,
395 2677 421 2756 1,
443 2675 506 2738 103
527 2674 627 2762 (116).
666 2675 802 2740 Perinde
821 2677 883 2741 hoc
902 2658 998 2760 utque
1018 2673 1228 2752 Ἀρχέβουλο(
1248 2675 1361 2762 lingue

260 2777 420 2861 probavit,
442 2785 479 2844 ut
503 2779 663 2862 Ἀρχέβιοτ
678 2785 711 2846 et
726 2779 890 2864 Ἀρχίβιοε,
912 2779 1104 2860 Ἀρχέδημοε
1120 2783 1153 2842 ct
1167 2777 1363 2866 Ἀρχίδημοτ,

263 2881 485 2966 Ἀρχεδημίδηε
509 2891 542 2952 et
570 2887 789 2967 Ἀρχιδαμίδατ
818 2887 945 2972 aliaque
973 2885 1006 2950 id
1029 2905 1130 2970 genus
1159 2907 1223 2950 non
1252 2909 1363 2966 pauca.

259 2991 381 3067 Quibus
416 2993 610 3060 conferenda
644 2995 837 3074 Χαιρεμένηε
868 2997 1057 3073 Χαιριμένηε
1088 3014 1161 3056 cum
1191 2993 1362 3072 similibus,

259 3098 429 3183 ipsumque
452 3099 537 3165 infra
555 3100 767 3166 Chaeribulo&
813 3099 850 3166 ln
874 3100 980 3184 titulis
1004 3099 1115 3164 latinis
1140 3102 1173 3162 et
1192 3099 1363 3164 Archelaus

262 3203 365 3270 habes
390 3210 423 3269 et
445 3207 619 3292 aliquando
644 3207 812 3274 Archilnem
834 3212 871 3273 ut
892 3207 917 3272 1.
940 3207 979 3272 R.
1001 3205 1043 3272 N.
1066 3205 1162 3270 2559.

220 3309 482 3393 Ἀρχιδημίδηε
507 3314 798 3380 Archidemides
818 3311 1110 3400 (Asclnnmnns):
1134 3311 1263 3397 hospes,
1281 3311 1362 3378 Buc-

261 3419 390 3485 chidum
409 3419 450 3504 ΙΙ,
469 3421 498 3504 3,
521 3423 560 3486 16
579 3419 676 3508 (250)
697 3425 729 3484 et
748 3441 844 3502 saepe
863 3419 1027 3501 deinceps,
1049 3455 1089 3466 —
1114 3419 1193 3482 item
1211 3417 1361 3484 Eunuchi

258 3524 300 3610 ΙΙ,
323 3527 353 3610 3,
377 3527 419 3591 36
443 3525 549 3613 (321).
976 3599 984 3614 ,

215 3630 438 3713 Ἀρχίδημοε
461 3634 718 3700 Archidemus
743 3631 996 3720 (Ascmunvs):
1021 3633 1143 3698 amicus
1167 3633 1263 3716 senis,
1287 3631 1361 3696 Asi-

259 3741 370 3804 uerioe
394 3740 434 3824 V,
457 3743 487 3824 2,
514 3741 553 3806 15
577 3739 682 3828 (865).
1116 3801 1120 3810 .

217 3843 452 3927 [*Ἀρχυλίνη
472 3848 689 3914 Arohulinu
713 3847 938 3933 (Ascvmuslz
958 3847 1111 3912 meretrix
1130 3845 1317 3911 Truculenti
1337 3844 1363 3928 Ι,

259 3954 289 4032 2,
313 3955 364 4020 28.
410 3952 508 4020 Falso
531 3956 717 4022 Archilinen
740 3954 916 4035 scribitur]

215 4057 411 4138 *’Apxohtt
430 4058 618 4144 Archylis
637 4059 834 4148 (Ascvnsp
854 4061 980 4144 ancilla,
999 4059 1188 4126 Truculenti
1203 4061 1245 4144 11,
1260 4062 1289 4144 5,
1304 4061 1363 4144 26;

261 4201 299 4210 -
313 4165 392 4229 item
415 4165 559 4231 Andriae
573 4166 598 4251 l,
612 4169 643 4250 4,
660 4171 687 4231 1.
710 4167 767 4251 ΙΙΙ,
791 4169 820 4251 2,
846 4169 862 4231 1
888 4163 976 4250 (228.
999 4165 1089 4254 481).
1131 4163 1363 4245 01Ἀρχύλοε.

261 4269 323 4352 [cf.
342 4271 575 4338 Buechelerum
596 4273 629 4337 in
651 4273 852 4338 Fleckeiseni
872 4271 957 4337 Ann.
979 4272 1092 4356 philol.
1113 4269 1209 4336 tOV
1228 4294 1258 4355 p.
1273 4273 1360 4354 570]

215 4376 443 4458 Ἀρχωνίδητ
477 4379 716 4445 Archonidcs
754 4377 1008 4465 (Ascosluss):
1044 4383 1151 4460 pater,
1187 4376 1363 4444 Heutonti-

260 4507 450 4550 morumenu
474 4484 513 4568 V,
533 4485 564 4569 5,
587 4487 626 4550 21
653 4484 779 4570 (1065).
819 4519 824 4526 ·

268 4607 309 4642 rs.
325 4607 473 4643 mrscnsmr
494 4609 626 4644 orrscvm
646 4609 686 4642 111.
1114 4593 1148 4644 20
