3288 5100
558 404 637 452 s1va
660 403 909 452 5585855555
933 403 1038 452 amm.
1303 387 1365 453 511

101 525 104 532 ⁵
225 547 347 614 Gellius
370 546 420 612 III
449 568 474 612 c.
500 547 542 611 10
570 548 739 632 excerpsit.
790 545 976 630 Eodemque
1001 544 1039 610 Ο.
1060 543 1195 610 Iahnius
1219 546 1252 610 in
1275 545 1368 610 Actis

225 653 340 721 Sociat.
368 653 486 720 Saron.
515 676 542 718 a.
569 653 655 718 1850
681 675 712 738 p.
738 655 802 718 140
830 652 901 717 adn.
927 653 968 716 72
997 651 1056 716 illa
1083 652 1256 736 referebat,
1288 675 1369 736 quae

223 762 263 826 de
292 761 489 848 imaginibus
519 760 699 845 generatim
727 759 875 844 exposita
902 758 1028 823 Plinius
1057 781 1077 822 a
1104 761 1125 839 ἓ
1153 759 1175 823 4
1203 757 1244 823 ad
1276 761 1296 839 ξ
1327 759 1368 823 16

224 868 425 952 perscripsit:
463 889 599 952 quorum
631 870 740 931 tamen
773 869 900 950 partem
933 865 979 930 sis
1012 865 1122 949 potius
1154 865 1367 948 scriptoribus

224 975 389 1056 tribueris,
422 973 478 1057 qui
509 973 544 1037 in
573 977 741 1038 auctorum
775 972 882 1037 indice
913 971 990 1036 libri
1018 970 1141 1036 XXXV
1172 971 1368 1056 praecedunt

223 1080 266 1146 M.
295 1080 452 1145 Varronis
479 1101 612 1144 nomen:
643 1077 802 1144 Messalae
829 1078 971 1162 utrique,
1003 1077 1219 1162 Fenestellae,
1246 1078 1367 1144 Attico.

223 1185 353 1270 Ergone
386 1185 644 1271 quattuordecim
678 1186 732 1271 qui
760 1189 887 1250 restant
918 1184 1078 1249 librorum
1105 1206 1257 1250 numerus
1271 1187 1367 1250 satis

224 1295 319 1376 aptus
352 1293 515 1358 videbitur
547 1295 676 1357 centum
706 1289 963 1356 hebdomadibus
995 1290 1183 1374 capiendis?
1232 1292 1367 1368 Qualem
1387 1313 1407 1354 v

223 1399 485 1464 distributionem
509 1401 645 1482 apparet
662 1419 729 1462 non
748 1396 814 1460 alia
831 1395 958 1462 ratione
977 1397 1104 1464 institui
1127 1399 1281 1482 potuisse,
1303 1399 1367 1464 nisi

223 1508 260 1568 ut
282 1510 339 1570 aut
366 1511 516 1590 septenas
540 1503 759 1570 hebdomadas
783 1502 939 1568 tredecim
967 1504 1041 1568 libri
1069 1505 1367 1590 complecterentur,

221 1633 338 1676 novem
361 1616 537 1696 extremus,
565 1615 623 1677 aut
645 1615 796 1694 septenas
824 1609 901 1674 libri
928 1610 1110 1694 duodecim,
1138 1612 1201 1677 duc
1225 1615 1367 1696 octonas,
1416 1687 1420 1696 Ι

222 1721 279 1781 855
301 1717 439 1800 denique
464 1723 615 1802 septenas
640 1717 760 1802 singuli
788 1717 864 1781 libri
892 1717 1163 1800 quattuordecim,
1193 1718 1274 1783 duas
1297 1719 1367 1802 ipse

220 1825 343 1906 primus
363 1845 435 1890 cunr
456 1823 731 1908 disputationibus
749 1822 925 1908 isagogicis
944 1823 1193 1910 conglutinatas.
1226 1824 1272 1890 At
1289 1846 1366 1891 vero

220 1931 335 1996 horum
359 1929 443 1995 nihil
462 1934 513 1995 est
536 1929 621 2014 quod
640 1931 707 1994 ulla
729 1929 971 2014 probabilitatis
991 1932 1098 2015 specie
1117 1929 1367 2016 commendetur.

221 2036 274 2101 An
298 2037 539 2120 aequabilitatis
558 2037 852 2120 concinnitatisque
875 2036 908 2102 in
931 2037 1141 2122 disponendis
1165 2037 1367 2123 argumentis

220 2144 317 2230 longe
337 2142 611 2208 studiosissimum
629 2142 810 2208 Varronem
829 2147 898 2208 tarn
917 2145 967 2209 sui
986 2144 1177 2210 dissimilem
1196 2145 1367 2229 quisquam

221 2250 283 2315 sibi
306 2249 515 2334 persuadebit
533 2249 567 2314 in
585 2247 636 2313 his
660 2251 866 2334 potissimum
887 2251 980 2314 libris
1000 2250 1155 2332 extitisse,
1179 2250 1297 2334 quibus
1316 2249 1367 2314 vel

219 2377 337 2422 nomen
361 2379 380 2421 a
401 2377 609 2421 numerorum
633 2357 802 2438 (υμμετρίᾳ
825 2356 971 2421 inderet?
994 2357 1085 2421 ouius
1107 2355 1279 2420 mirificum
1302 2355 1366 2420 dis-

219 2463 411 2526 tribuendae
438 2462 594 2527 materiae
623 2463 793 2528 artificium
822 2483 894 2528 eum
918 2461 1173 2546 Antiquitatium
1200 2461 1367 2528 volumine

219 2565 333 2652 XLI*)
352 2571 513 2632 testentur
531 2571 601 2633 tum
620 2569 683 2653 ipsi
702 2569 741 2633 de
760 2569 874 2654 lingua
892 2569 996 2635 latina
1013 2569 1091 2634 libri
1104 2567 1210 2635 XXV:
1230 2591 1365 2654 quorum

219 2673 430 2757 partitionem
449 2672 553 2738 Musei
576 2673 656 2758 phil.
680 2696 711 2758 p.
725 2675 791 2740 506
806 2675 919 2740 85525
933 2698 1001 2760 sqq.
1022 2677 1135 2760 [supra
1148 2699 1178 2760 p.
1192 2677 1267 2740 444.
1285 2677 1365 2756 464]

220 2780 368 2846 videmur
382 2783 433 2844 sat
447 2781 536 2845 clara
553 2781 587 2845 in
606 2781 676 2846 luce
695 2783 852 2866 posuisse.
879 2781 965 2848 Nam
980 2782 1042 2866 his,
1061 2803 1141 2867 quos
1159 2782 1276 2846 ultimo
1295 2783 1366 2847 loco

220 2887 367 2971 diximus,
391 2889 454 2952 etsi
476 2887 620 2952 noudum
643 2887 1295 2973 (188115Β8855851558Η185.11558662
1319 2888 1366 2953 ed.

220 3016 280 3059 sec.
294 2997 423 3059 tantum
436 2993 546 3060 XXIV
561 2994 662 3060 libros
681 2995 833 3079 tribuere,
854 2998 965 3060 tamen
989 2999 1054 3080 aut,
1076 2995 1154 3080 quid
1176 2994 1260 3059 inter
1278 2998 1367 3060 certa

220 3123 258 3167 ac
280 3101 386 3184 dubia,
409 3124 485 3168 vera
509 3123 546 3166 ac
569 3101 654 3166 falsa
671 3101 811 3186 intersit,
833 3106 962 3166 nosmet
979 3123 1019 3166 ne
1038 3101 1208 3166 didicimus
1227 3101 1366 3186 quidem,

221 3213 278 3274 aut
291 3209 330 3273 de
341 3207 436 3273 XXV
445 3209 538 3274 libris
548 3211 697 3293 pertenta
711 3210 950 3295 argumentatio
961 3212 1073 3275 nostra
1086 3231 1151 3274 non
1162 3208 1366 3274 coniecturae

221 3315 486 3400 probabilitatem
510 3315 622 3398 habet,
646 3317 702 3381 aed
726 3317 1012 3382 demonstrationis
1035 3315 1272 3382 necessitatem.
1301 3314 1365 3380 Ita-

156 3417 159 3421 ’
221 3444 282 3506 que
311 3421 350 3488 de
377 3421 562 3507 Imaginnm
590 3423 684 3486 libris
711 3423 774 3487 nisi
801 3422 923 3488 fallunt
950 3423 1076 3505 omnia,
1109 3422 1246 3508 singulis
1274 3421 1365 3486 libris

220 3527 325 3593 Varro
357 3531 508 3611 septenas
544 3527 764 3593 hebdomadas
801 3529 889 3593 dedit
924 3528 956 3594 5.
986 3551 1012 3594 e.
1045 3528 1366 3615 undequinquaginta

220 3633 380 3718 imagines
405 3632 563 3718 singulas,
593 3633 743 3699 omnibus
767 3637 876 3698 autem
902 3635 995 3699 libris
1019 3634 1277 3720 quattuordecim
1298 3656 1366 3700 non

220 3740 329 3824 plures
350 3761 447 3824 quam
466 3737 694 3805 DOLXXXVI
713 3739 870 3826 imagines
888 3741 1063 3825 congessit:
1084 3763 1179 3826 quern
1197 3763 1365 3806 numerum

220 3867 286 3911 non
320 3845 410 3910 finite
447 3845 581 3932 loquens
613 3845 753 3932 Plinius,
791 3847 912 3932 quippe
943 3847 978 3910 in
1010 3847 1115 3912 solam
1147 3847 1365 3912 multitudinis

220 3952 388 4017 notionem
420 3951 578 4037 intentus,
614 3953 770 4020 facillime
806 3953 915 4038 potuit
947 3953 987 4018 ad
1019 3954 1149 4039 plenam
1181 3955 1364 4040 septingen·

220 4063 328 4124 tarum
352 4080 513 4124 summam
537 4081 667 4146 augere,
691 4083 710 4124 a
733 4083 797 4146 qua
819 4060 875 4125 ille
898 4061 977 4126 satis
1001 4083 1102 4146 prope
1127 4061 1218 4126 81515

290 4234 317 4306 ⁸)
336 4234 390 4289 Hie
408 4249 539 4288 numerus
559 4249 622 4288 oum
640 4235 686 4288 vel
704 4237 802 4290 contre
820 4236 925 4306 duplex
939 4233 1067 4306 Catalcgi
1084 4235 1277 4292 testimonium
1286 4229 1365 4290 XLV

220 4326 308 4381 libros
326 4321 470 4394 prodentis
490 4321 625 4378 tutandus
642 4321 741 4392 luerit,
759 4342 831 4379 nunc
850 4343 937 4379 unum
955 4324 1055 4379 saltem
1074 4325 1196 4394 evanuit,
1215 4327 1365 4396 postquam

220 4415 250 4468 in
269 4413 365 4469 codice
388 4411 523 4483 scriptum
546 4427 606 4466 8888
629 4411 762 4481 ἐπιτομὴν
788 4413 1006 4483 ‘antiquitatum
1025 4429 1059 4466 ex
1077 4411 1156 4467 libris
1174 4411 1266 4468 XLll'
1292 4429 1364 4468 com-

221 4506 332 4573 pertum
351 4503 407 4557 est:
426 4500 475 4571 qui
493 4517 625 4556 uumerus
644 4500 679 4555 ad
698 4500 845 4556 veritatem
865 4501 991 4571 proxime
1009 4500 1127 4557 accedit.
