3294 5104
296 368 361 432 274
687 387 724 432 rs
748 387 860 434 vireu
883 386 1054 432 susurru

297 526 334 590 de
367 549 432 592 uno
462 525 612 612 Scipione
640 529 849 614 cogitaretur.
899 527 1044 612 Eiusque
1073 527 1175 611 ipsius
1206 529 1443 613 cogitationem

298 635 410 718 paullo
434 634 534 699 ctiam
557 636 791 718 promptiorem
815 636 963 720 proximo
988 657 1082 700 versu
1101 635 1171 699 fieri
1190 639 1351 718 putamus.
1392 635 1444 698 lbi

298 742 383 806 enim
414 741 500 826 quod
530 741 571 806 ab
596 742 690 806 initio
715 744 879 827 proditum
904 746 954 808 est
976 763 1096 807 secroto
1118 741 1231 806 lmaorc
1254 743 1314 807 etsi
1339 742 1379 807 ad
1403 743 1446 806 le·

296 848 446 932 gitimam
474 869 658 913 mensuram
686 847 843 914 Erasmus
874 849 1116 933 transponendo
1146 849 1324 932 revocavit,
1353 849 1444 913 euius

230 936 234 944 ’
297 955 443 1038 exemplo
467 956 595 1021 Honore
622 977 741 1021 eamme
768 957 934 1042 vulgatur,
961 960 1072 1020 tamen
1103 955 1179 1039 quid
1209 953 1346 1037 impedit
1369 976 1445 1038 quo·

298 1061 404 1124 minus
437 1065 566 1126 servato
599 1061 709 1128 ordine
742 1063 913 1127 verborum
946 1061 1146 1128 intercidisse
1178 1061 1287 1144 potius
1319 1061 1444 1144 aliquid

298 1167 532 1254 existimemus,
564 1169 672 1234 hiatus
705 1173 742 1234 ut
770 1169 816 1234 sic
844 1172 1062 1248 removeatur:
1094 1167 1223 1234 Sammo
1246 1167 1312 1232 ille
1333 1167 1446 1233 lecatorc

297 1273 425 1353 affectus
445 1275 513 1340 —i
534 1315 575 1322 —-
595 1275 657 1340 His
681 1276 781 1362 igitur
804 1276 1003 1361 argumentis
1026 1274 1149 1339 moveri
1168 1295 1220 1338 me
1238 1296 1353 1357 passus
1365 1297 1445 1362 sum

297 1385 334 1446 ut
356 1381 500 1467 Vagellii
529 1383 704 1448 versiculos
733 1383 815 1447 tales
844 1382 955 1466 quales
985 1381 1070 1446 edidi
1101 1380 1352 1465 conformarem,
1379 1403 1444 1446 non

298 1489 367 1553 sine
391 1511 447 1573 spe
471 1490 644 1575 indagatae
667 1490 822 1555 veritatis.
865 1487 952 1573 [Ipse
975 1493 1085 1554 tamen
1108 1487 1307 1554 Ritschelius
1330 1493 1446 1571 postea

297 1594 504 1674 Fleckeiseno
529 1601 580 1662 est
603 1598 776 1662 obsecutus
800 1597 846 1661 ita
869 1595 1066 1661 emendanti:

509 1703 613 1788 Tuae,
636 1703 781 1788 Terenti,
805 1725 886 1787 quae
910 1705 1067 1768 uocantur
1089 1700 1231 1784 fabulae,

511 1807 610 1874 Ouiae
634 1809 731 1875 sunt?
763 1831 830 1875 non
853 1809 912 1874 has
935 1814 985 1874 cet.
1032 1807 1066 1874 Ο.
1081 1807 1147 1889 W]

386 1915 460 1998 Peg.
486 1916 588 1990 214,9
613 1915 698 1999 quod
720 1915 851 2000 Parerg.
874 1938 904 1999 p.
928 1915 993 1980 325
1016 1915 1229 1980 ratiocinatus
1254 1939 1325 1981 snm
1348 1919 1446 2000 Apol-

296 2011 402 2086 lodoro
425 2020 564 2104 Carystio
593 2044 612 2085 a
634 2021 763 2086 Donato
794 2022 951 2105 scriptum
979 2044 1063 2106 essa,
1091 2021 1167 2085 hinc
1190 2025 1226 2086 ut
1249 2022 1366 2107 duplex
1389 2047 1445 2090 uo·

299 2149 373 2192 men
403 2128 438 2192 in
464 2129 566 2193 vitam
590 2128 842 2192 Ambrosianum
866 2129 1047 2212 transierit,
1076 2127 1144 2193 eins
1168 2151 1219 2192 me
1243 2131 1445 2197 coniecturae

298 2258 339 2301 ne
362 2258 447 2301 nunc
470 2236 600 2321 quidem
619 2236 771 2321 paenitet.
813 2235 900 2300 Nam
919 2235 1003 2300 unde
1023 2234 1152 2300 tandem
1171 2235 1236 2300 nisi
1256 2258 1295 2301 ex
1314 2237 1445 2304 Donato

298 2343 444 2408 hausisse
469 2343 567 2409 medii
591 2345 661 2409 aeri
686 2343 875 2426 scriptorem
898 2342 999 2406 istum
1021 2345 1089 2406 tam
1113 2343 1306 2426 exquisitam
1326 2366 1445 2410 memo-

298 2452 381 2516 riam
400 2451 596 2536 putabimus,
615 2450 722 2533 qualis
741 2448 821 2514 haec
841 2453 899 2533 est,
919 2446 1107 2534 Carystium
1122 2470 1201 2532 esse,
1219 2471 1285 2513 non
1301 2449 1445 2534 Galeam,

298 2561 430 2642 poetam
454 2558 506 2622 cui
530 2577 604 2621 suas
628 2555 756 2622 fabulas
780 2559 928 2640 acceptes
952 2555 1088 2620 referret
1111 2553 1303 2622 Terentius?
1341 2557 1445 2634 Quam

300 2665 327 2729 si
350 2665 424 2748 quis
448 2686 487 2728 ex
509 2663 589 2748 ipsis
614 2664 854 2728 commentariis
878 2661 1001 2728 Donati
1024 2665 1150 2746 repetat
1172 2663 1207 2726 in
1225 2663 1389 2748 Hecyram
1414 2671 1447 2728 et

246 2788 288 2828 ⁶³⁴
302 2771 530 2836 Phormionem
561 2771 704 2854 scriptis,
731 2793 867 2855 quorum
890 2769 925 2834 in
947 2768 1136 2854 prooemiis,
1165 2769 1220 2833 ubi
1243 2791 1328 2835 nunc
1351 2771 1446 2852 Apol·

300 2879 422 2944 lodoreis
450 2877 571 2962 legitur
594 2877 798 2960 simpliciter,
827 2876 971 2960 potuerit
994 2875 1103 2959 aliquo
1127 2875 1199 2940 loco
1223 2877 1367 2959 pleniore
1390 2899 1445 2942 no·

300 2985 386 3048 mine
401 2983 608 3066 Apollodorus
622 2981 912 3068 masturbatus
936 3004 1019 3048 esse:
1044 2982 1106 3046 etsi
1134 2981 1180 3046 eis
1204 2983 1446 3048 commentariis

300 3093 350 3154 est
373 3111 450 3154 saue
472 3089 525 3154 hic
548 3089 688 3173 scriptor
710 3112 801 3172 usus,
825 3089 971 3154 velutin
994 3088 1060 3152 illis
1084 3088 1227 3172 quaeda
1251 3088 1368 3155 Luscio
1387 3089 1446 3153 La·

300 3195 419 3261 nuvino
448 3196 586 3279 rettulit,
614 3201 724 3261 tamen
752 3193 829 3278 quid
853 3197 902 3258 est
925 3215 1059 3278 quaeso,
1089 3215 1145 3258 cur
1167 3194 1369 3278 probabilius
1393 3195 1446 3260 hic

301 3305 464 3367 statuatur
487 3325 585 3386 quam
608 3303 642 3366 in
666 3300 811 3366 auctario
835 3299 920 3366 vitae
942 3321 1062 3364 nomen
1082 3299 1203 3384 gentile
1222 3301 1446 3367 intercidisse?

300 3408 493 3493 praesertim
512 3431 584 3473 enm
604 3432 642 3474 ex
661 3429 698 3473 eo
718 3407 864 3472 auctario
882 3406 1019 3471 finitima
1037 3406 1228 3491 deprompta
1247 3409 1313 3472 sint
1330 3409 1446 3473 omnia.
1561 3440 1566 3450 ·

389 3514 484 3580 Vita
507 3518 615 3580 antem
634 3513 893 3580 Ambrosiana
915 3513 974 3578 illa
997 3509 1109 3600 (quam
1127 3519 1204 3598 post
1221 3513 1333 3579 Rothii
1353 3535 1446 3578 curas

302 3623 415 3688 eodem
437 3621 506 3688 iure
525 3621 707 3688 Parisinam
731 3619 834 3706 dicas)
858 3619 920 3685 etsi
943 3619 1063 3686 referta
1086 3624 1136 3684 est
1154 3643 1230 3686 sane
1249 3619 1446 3685 additamen-

302 3731 346 3795 tis
378 3753 444 3796 non
474 3752 491 3795 e
515 3729 636 3796 Donati
663 3729 714 3794 vel
744 3729 811 3794 vita
840 3728 891 3792 vel
920 3726 1152 3792 commentario
1180 3725 1306 3810 petitis,
1337 3728 1447 3792 tamen

302 3837 381 3902 haec
405 3838 516 3902 omnia
538 3839 586 3902 ita
604 3841 793 3920 comparata
811 3839 895 3918 sunt,
919 3839 956 3899 ut
978 3856 1036 3899 suo
1055 3833 1187 3919 ingenio
1206 3831 1308 3898 fretus
1326 3833 1447 3918 fingere

303 3943 442 4027 scriptor
459 3943 604 4027 potuerit
622 3942 830 4026 quantumvis
849 3939 1038 4006 temerariae
1053 3939 1246 4025 explanandi
1261 3939 1447 4005 cremandi-

303 4157 365 4222 los:
396 4156 588 4241 praesertim
615 4157 672 4221 ubi
700 4156 759 4220 illa
782 4154 982 4239 reputaveris
1006 4151 1047 4218 ad
1070 4175 1168 4218 unum
1192 4152 1254 4218 hoe
1277 4153 1445 4239 sensilium

303 4263 416 4346 redire,
439 4267 476 4327 ut
498 4263 650 4327 itinerum
674 4262 818 4326 rationes
838 4283 858 4324 a
875 4263 973 4342 poeta
990 4257 1150 4324 factorum
1169 4259 1305 4323 clariore
1325 4259 1358 4324 in
1377 4259 1447 4324 lnce

304 4369 557 4434 conlocarantur.
612 4368 661 4432 De
694 4390 757 4452 quo
789 4369 827 4429 ut
858 4365 977 4430 certius
1009 4365 1151 4430 iudicare
1183 4365 1311 4452 liceret,
1342 4365 1447 4449 ipsam

305 4473 405 4538 vitam
434 4473 538 4558 illam,
565 4475 650 4539 inter
673 4491 710 4538 1v
734 4473 897 4538 saeculum
921 4475 954 4536 et
976 4489 1014 4534 ιιι
1037 4471 1203 4556 scriptam,
1233 4471 1289 4536 sed
1313 4472 1360 4536 illi
1384 4473 1447 4538 uisi
