3294 5104
276 345 341 411 350
546 363 786 424 ovsasrronas
812 363 1147 412 ononnronomosn.

842 579 871 642 3.

332 824 478 891 UEBDR
501 719 996 890 PERSONENlIlJfflEklIlUIlEI
1018 825 1111 890 DnN
1135 825 1382 892 KOMlKllltN.

440 965 457 1030 Ι
479 967 629 1032 Donatus
654 968 693 1032 ad
717 967 887 1051 Adelphon
911 967 935 1054 Ι,
961 969 988 1051 1,
1014 970 1042 1032 1.

367 1075 510 1140 Nomina
533 1097 758 1160 personarum,
782 1075 815 1139 in
839 1074 1014 1140 comoediis
1039 1073 1208 1158 duntaxat,
1231 1075 1351 1140 habere
1375 1075 1430 1140 de.

277 1180 357 1244 bent
385 1182 543 1246 rationem
574 1188 607 1247 et
636 1181 877 1266 etymologiam.
906 1181 1025 1246 etenim
1055 1179 1229 1246 absurdum
1254 1185 1303 1245 est
1327 1181 1423 1246 comi-

278 1309 350 1350 cum
381 1292 491 1372 aperte
523 1291 713 1372 argumenta
743 1289 938 1372 confingere:
970 1287 1021 1351 uel
1050 1309 1169 1352 nomen
1199 1310 1356 1370 personae
1379 1287 1428 1351 in·

279 1415 457 1478 congruum
491 1395 580 1478 dare,
612 1394 665 1458 nel
696 1393 837 1458 officium
866 1395 951 1479 quod
980 1395 1024 1459 sit
1052 1417 1071 1457 a
1100 1395 1231 1458 nominc
1255 1395 1429 1458 diuersum.

252 1499 355 1564 chine
389 1522 499 1565 seruus
528 1499 631 1564 fidelis
663 1499 837 1566 Parmeno:
870 1501 1010 1565 infidelis
1039 1501 1092 1565 uel
1121 1499 1221 1586 Syrus
1250 1503 1302 1566 uel
1331 1500 1429 1564 Geta:

279 1607 372 1672 miles
397 1607 499 1672 Traso
523 1607 575 1670 uel
599 1608 768 1674 Polemon:
791 1608 919 1675 iuuenis
943 1607 1146 1694 Pamphilus:
1170 1611 1321 1673 matrona
1344 1605 1429 1689 Myr-

278 1715 362 1780 rina:
391 1718 424 1777 et
452 1735 531 1796 puer
558 1713 610 1777 uel
639 1713 679 1778 ab
711 1715 808 1780 odore
833 1713 950 1780 Storax
974 1715 1026 1779 uel
1050 1738 1069 1779 a
1091 1715 1166 1780 ludo
1191 1720 1223 1779 et
1247 1739 1266 1779 a
1289 1715 1428 1800 gesticu-

279 1819 401 1885 latione
426 1817 551 1883 Circus:
585 1823 617 1882 et
645 1821 725 1884 item
754 1821 889 1906 similia,
920 1823 954 1885 in
986 1821 1102 1904 quibus
1127 1844 1289 1886 summum
1313 1825 1429 1903 poetae

279 1925 396 1988 uitium
425 1929 488 2007 est,
519 1925 546 1990 si
570 1927 645 2010 quid
669 1949 686 1990 e
710 1928 874 1992 contrario
898 1949 1082 2012 repugnans
1106 1927 1333 2010 diuersumque
1356 1947 1429 2008 pro·

182 2109 188 2122 .
240 2052 266 2090 ιο
280 2030 402 2110 tulerit,
425 2031 487 2094 nisi
510 2053 569 2115 per
592 2031 780 2112 ἀντίφραειν
803 2033 991 2098 ioculariter
1013 2055 1132 2099 nomen
1151 2033 1287 2116 inponit,
1311 2038 1348 2096 ut
1366 2031 1426 2096 Mi-

281 2137 466 2222 aargyrides
488 2137 522 2201 in
540 2137 657 2204 Plauto
677 2138 794 2204 dicitur
812 2141 979 2223 trapezita.
1003 2143 1036 2204 et
1059 2139 1125 2203 fere
1145 2139 1206 2203 hoc
1225 2139 1320 2203 modo
1340 2138 1426 2221 apud

281 2244 360 2308 alios
385 2267 405 2308 a
427 2243 534 2328 poetis
558 2247 691 2311 nomina
710 2252 949 2332 componuntur
967 2247 1178 2312 describenda
1196 2269 1254 2331 per
1273 2245 1426 2326 ἀντίφρα-
1479 2325 1485 2340 .

280 2369 337 2433 (ιν,
360 2349 446 2435 quod
470 2348 620 2437 designat
643 2351 769 2420 Storax.

352 2579 377 2614 v.
400 2569 413 2615 1
434 2561 567 2616 comediis
587 2563 613 2615 A
631 2565 663 2628 (i.
682 2579 703 2618 c.
722 2565 779 2619 cod.
797 2563 889 2618 Para.
909 2564 958 2618 lot.
973 2568 1049 2618 7920
1067 2564 1213 2618 montrera.
1232 2579 1300 2618 aare.
1319 2563 1370 2615 XI
1366 2570 1381 2630 )
1399 2562 1428 2616 D

281 2650 312 2714 (i.
336 2665 356 2703 e.
383 2650 466 2703 eodan
489 2649 665 2717 Dresdeaeis,
692 2653 942 2708 mentha-elmlea.
971 2651 1091 2705 Elector.
1111 2655 1199 2716 539ῠ,
1222 2650 1288 2719 ch.
1313 2651 1349 2706 D.
1375 2656 1427 2704 101

282 2752 350 2791 saec.
372 2737 451 2806 XV).
478 2738 605 2794 comedia
622 2740 649 2793 B
673 2742 704 2806 (i.
724 2757 744 2795 c.
768 2742 825 2796 cod.
846 2741 938 2796 Pares.
966 2741 1012 2794 lat.
1033 2745 1106 2796 7921
1127 2741 1245 2795 chartac.
1264 2757 1332 2796 saec.
1355 2738 1427 2807 XV)

284 2825 353 2894 oa.
373 2844 393 2882 e.
413 2815 497 2882 codex
515 2829 657 2884 Leideasis
682 2830 1044 2900 Vora186membasaec.
1066 2829 1137 2904 XV)
1240 2829 1308 2882 dum
1327 2829 1426 2883 taxant

283 2915 306 2968 0
412 2915 625 2988 tralrationem
644 2917 672 2971 A
780 2916 993 2988 ehoemologian
1012 2917 1047 2971 A.
1078 2915 1273 2986 ethymologia
1295 2917 1329 2970 B.
1357 2917 1427 2971 ethi·

282 3055 434 3126 mologiam
454 3055 505 3112 OD
576 3065 592 3113 3
611 3059 782 3129 confringam
802 3066 869 3115 nom
889 3061 925 3113 A.
946 3019 1091 3128 confringo⁸
1108 3063 1152 3113 ut
1168 3057 1231 3113 noffi
1251 3059 1286 3114 Β.
1307 3059 1425 3112 confrin-

282 3214 347 3266 gere
366 3199 413 3252 uel
431 3215 532 3253 nomen
552 3199 603 3254 OD
696 3217 813 3269 persone
832 3202 867 3256 B.
886 3202 1016 3272 prenoO
1109 3159 1183 3269 sia
1202 3201 1229 3253 A
1337 3217 1355 3254 a
1377 3215 1441 3253 oar.-

281 3287 309 3340 A
404 3294 457 3342 no‘o
476 3290 503 3341 A
598 3289 709 3342 diaeum
727 3291 754 3343 A
845 3290 925 3345 final
945 3291 1031 3360 Syrus
1050 3289 1108 3360 uel]
1128 3307 1222 3342 nrreue
1240 3289 1267 3341 A
1358 3287 1428 3342 airus

283 3375 307 3428 0
413 3381 476 3444 post
499 3377 571 3432 Geta
594 3379 657 3432 add.
682 3377 729 3432 uel
753 3377 804 3432 OD
912 3381 1023 3434 ttraeo
1046 3379 1156 3432 ABOD
1263 3377 1376 3445 polemr'r
1392 3377 1427 3432 A.

282 3453 414 3534 palemon
432 3465 512 3519 BOD
615 3472 679 3535 poet
698 3465 862 3535 Pamphilus
881 3467 947 3522 add.
966 3467 1012 3521 uel
1030 3465 1060 3520 D
1168 3465 1287 3519 mirrena
1305 3465 1340 3521 A.
1364 3465 1429 3520 mir·

283 3553 345 3608 rina
362 3553 444 3608 DOD
535 3561 566 3608 ·7
588 3557 616 3610 ct
634 3557 670 3610 ab
689 3555 774 3610 odore
792 3555 827 3608 B.
847 3557 876 3610 et
894 3555 998 3610 abdere
1018 3555 1046 3610 0.
1067 3553 1192 3608 abedono
1211 3553 1241 3608 D
1348 3554 1394 3608 nel
1413 3571 1430 3608 a

283 3642 361 3714 ludo]
381 3643 414 3696 ul
431 3643 530 3712 aliqud
549 3645 582 3699 A.
604 3646 633 3698 et
650 3660 668 3698 a
686 3643 752 3698 ludo
772 3643 823 3698 01)
902 3661 919 3698 a
938 3647 1000 3697 onte
1018 3641 1232 3711 gesticulatione
1251 3657 1305 3696 om.
1326 3643 1378 3696 01)

283 3733 406 3786 Seirtua
425 3733 460 3786 A.
482 3731 554 3786 cirne
572 3732 608 3786 B.
628 3731 727 3786 ciricus
747 3732 776 3786 (J.
796 3731 904 3800 cyricus
923 3731 952 3785 D
1059 3729 1128 3783 item
1147 3731 1242 3786 oraG
1352 3731 1428 3786 tin·

284 3819 365 3873 itium
385 3821 411 3873 A
499 3825 563 3888 poet
581 3837 740 3889 repugnans
760 3821 823 3876 add.
844 3819 1011 3874 eontrarium
1031 3817 1111 3872 BGD
1208 3818 1349 3874 diuersum
1368 3836 1429 3888 per·

285 3909 382 3964 tulerit
400 3909 429 3962 D
521 3915 553 3963 10
572 3910 730 3965 antifrasim
749 3911 786 3963 D.
815 3907 1000 3979 antiphrasim
1021 3907 1048 3961 0.
1078 3906 1236 3961 antrifaeim
1254 3907 1290 3961 B.
1318 3907 1430 3978 antioh-
1475 3977 1478 3990 Ι

282 4000 379 4069 pation
397 4000 424 4052 A
532 3997 694 4054 ioculariter
712 4015 796 4069 usqae
814 3999 851 4054 ad
869 4015 919 4067 per
937 3997 1101 4064 ἀντίφραειν
1119 3999 1157 4064 (a.
1174 3999 1222 4064 12)
1241 4012 1292 4050 om.
1311 3995 1338 4048 R

282 4105 383 4143 nomen
408 4086 519 4158 inponit
538 4087 669 4156 (imponit
686 4088 726 4157 D)
745 4086 906 4142 ioculariter
926 4084 976 4139 OD
1083 4085 1170 4138 miear
1188 4083 1298 4154 gyndes
1317 4084 1353 4137 A.
1379 4083 1429 4138 mi-

283 4177 429 4248 sargirides
450 4177 478 4232 0.
503 4176 682 4245 insargiridoa
701 4177 730 4230 D
835 4183 864 4229 11
886 4173 1009 4244 rapoaita
1027 4175 1093 4230 AD.
1112 4171 1278 4243 rapesitaO
1371 4171 1429 4226 lere

283 4319 357 4388 apud
376 4317 447 4372 alios
466 4318 519 4374 hoe
537 4277 565 4372 rii
585 4319 611 4371 A
713 4323 744 4369 12
765 4316 947 4370 describenda
965 4317 1122 4386 trampoait
1137 4320 1201 4384 poet
1220 4313 1383 4380 ἀντίφραειν
1401 4313 1427 4366 A

355 4459 558 4528 anthiphraaim
579 4459 607 4514 0.
628 4455 811 4526 antiphrasim
830 4458 860 4510 D
934 4465 965 4511 13
985 4458 1023 4526 qd
1043 4418 1176 4527 designali
1190 4457 1215 4509 A
1285 4457 1360 4524 [aum
1381 4471 1430 4524 per
