3274 5114
317 414 377 480 188
671 433 887 484 rmonnnrs
909 401 1095 486 ansverus.

310 573 453 640 Astraba
475 575 537 642 etsi
561 575 684 643 Gellius
708 599 781 644 cum
803 577 911 645 Nonio
935 577 978 666 (v.
1000 581 1118 668 fragm.
1141 578 1178 668 v)
1202 603 1272 647 esse
1295 583 1455 650 incertum

311 681 406 767 dixit,
428 685 540 748 tamen
563 706 629 749 non
647 684 745 750 nimis
763 685 888 750 incerta
907 687 1155 754 ratiocinatione
1169 687 1332 777 Parergon
1347 713 1378 775 p.
1390 693 1451 757 131

311 790 393 856 conl.
416 812 448 874 p.
463 790 514 856 76.
540 791 611 856 129.
637 791 708 858 149.
734 792 797 859 152
820 791 878 860 inf.
900 793 1057 880 probasse
1080 795 1191 862 videor
1215 795 1396 862 aVarrone
1419 799 1454 864 in

310 897 358 962 eis
381 895 503 961 fabulis
525 895 671 962 habitam
695 920 775 984 esse,
799 921 881 985 quae
904 921 977 966 oum
995 923 1062 967 non
1081 901 1122 966 ab
1142 903 1291 969 omnibus
1310 903 1345 968 in
1359 903 1454 970 Plau-

309 1003 388 1069 tinis
411 1009 668 1090 numerarentur,
690 1010 802 1072 tamen
824 1007 1015 1074 tribuendae
1038 1005 1154 1074 Plauto
1177 1013 1294 1076 essent
1340 1011 1453 1096 quue

311 1112 458 1194 spectare
481 1109 515 1174 in
532 1110 647 1196 fragm.
662 1129 674 1177 1
690 1111 845 1179 ‘Astraba
863 1113 1030 1180 Plautina'
1045 1115 1148 1180 videri
1167 1119 1285 1202 potest,
1309 1118 1337 1182 si
1356 1117 1453 1184 modo

310 1237 349 1282 ea
375 1211 535 1300 scriptura
560 1239 627 1283 non
653 1219 901 1303 improbabitur.
947 1220 1099 1286 Fortasse
1128 1221 1162 1286 in
1190 1219 1294 1287 Servii
1323 1220 1453 1290 Claudii

310 1321 503 1419 ‘indicibus’
527 1322 704 1392 Astrabam
727 1325 827 1392 fuisse
851 1326 1031 1413 significari
1055 1328 1175 1394 ibidem
1199 1351 1230 1414 p.
1244 1329 1309 1395 243
1333 1331 1406 1396 adn.

857 1555 907 1626 1³)

398 1665 502 1732 Varro
530 1665 570 1731 de
598 1665 712 1752 lingua
739 1666 795 1732 lat.
818 1665 879 1752 VI,
913 1667 968 1733 73:
1006 1666 1122 1733 ‘etiam
1150 1691 1237 1754 spes
1265 1691 1285 1734 a
1313 1673 1451 1754 sponte

308 1776 509 1858 potestesse
533 1773 708 1852 declinata,
731 1773 817 1859 quod
836 1774 907 1859 quis
926 1777 996 1839 tum
1015 1777 1134 1860 sperat,
1158 1797 1256 1860 quom
1276 1776 1361 1862 quod
1380 1776 1452 1842 uolt

308 1881 378 1945 fieri
402 1884 509 1967 putat3
533 1903 609 1946 nam
632 1881 718 1965 quod
741 1903 807 1947 non
830 1881 901 1946 uolt
924 1881 952 1946 si
971 1885 1076 1968 putat,
1099 1883 1225 1966 metuit,
1246 1904 1313 1948 non
1332 1885 1451 1967 sperat.

308 1987 423 2072 Itaque
445 1987 500 2052 hic
523 2008 650 2072 qnoque
673 1986 730 2074 qui
752 1987 864 2053 dicunt
886 1987 921 2052 in
945 1987 1088 2053 Astraba
1110 1987 1261 2054 Plautina

275 2147 292 2196 s
354 2129 396 2196 A.
433 2127 600 2216 Siquere
623 2129 799 2214 adsecue,
821 2129 1093 2216 Polybadisce:
1117 2133 1237 2198 meam
1262 2155 1365 2218 spem
1389 2155 1451 2200 cu·

1106 2239 1171 2324 pio
1195 2241 1387 2326 consequi.

351 2345 395 2412 B.
433 2343 579 2432 sequor
609 2343 739 2411 hercle
773 2343 960 2431 equidem:
995 2346 1083 2412 nim
1114 2345 1300 2412 lubenter
1332 2348 1451 2413 meam

947 2457 1143 2539 speratam
1165 2455 1392 2545 consequor:

285 2598 393 2683 'quod
421 2599 491 2663 sine
519 2599 657 2681 sponte
683 2595 808 2682 dicunt,
838 2617 914 2662 uere
941 2618 1045 2682 neque
1072 2597 1128 2662 illc
1152 2589 1267 2682 'sperat
1294 2595 1350 2681 qui
1372 2595 1452 2662 dicit

308 2705 510 2788 adulescens,
542 2726 646 2790 neque
673 2704 733 2770 illa
760 2709 892 2790 sperata
918 2705 991 2772 est’
1020 2743 1062 2754 ·-
1094 2704 1133 2771 ln
1155 2704 1314 2771 Varronis
1343 2704 1450 2770 verbis

306 2815 389 2898 qaod
408 2813 478 2897 quas
501 2816 566 2878 tum
589 2812 704 2896 scripsi
727 2834 786 2897 pro
809 2813 892 2896 qaod
913 2818 991 2891 lum,
1023 2833 1099 2878 mor
1127 2817 1235 2878 autem
1256 2833 1348 2896 quern
1369 2813 1452 2894 pared

306 2922 373 2990 uolt
394 2941 453 3005 pro
475 2921 557 3003 prod
568 2940 637 2985 cum
651 2919 773 3004 (quom)
791 2921 858 2986 uolt
879 2941 952 2988 cum
974 2919 1142 3004 Muellero,
1164 2942 1231 2986 non
1253 2941 1326 2986 cum
1350 2915 1449 3003 Spen-

308 3027 393 3114 gelio
421 3031 455 3093 et
480 3025 691 3093 Lachmanno
719 3027 753 3092 in
775 3025 939 3094 Welclreri
967 3025 1147 3114 Naelriique
1174 3026 1257 3094 Mus.
1280 3027 1382 3094 Rben.
1401 3025 1449 3092 VI

307 3157 337 3220 p.
354 3134 416 3200 117
439 3135 521 3217 qaod
540 3135 607 3200 uolt
626 3155 735 3218 quom;
759 3139 873 3200 contra
891 3156 964 3200 cum
988 3134 1100 3200 eodem
1114 3133 1325 3201 Lachmanno
1339 3155 1370 3218 p.
1386 3134 1449 3199 119

306 3241 356 3308 tio
374 3241 501 3307 servavi
518 3245 556 3307 ut
574 3243 777 3328 adverbium,
799 3263 866 3308 non
885 3263 957 3308 cum
975 3239 1133 3306 Muellero
1155 3245 1192 3306 ut
1214 3241 1450 3307 nominativum

308 3347 466 3432 pluralem
475 3345 544 3434 (qui
559 3371 653 3416 casus
667 3349 752 3436 quod
767 3349 905 3416 sciamus
920 3371 1096 3434 numquam
1109 3347 1159 3413 bie
1171 3347 1236 3412 fuit
1249 3369 1308 3432 pro
1321 3347 1386 3414 triae
1398 3348 1450 3413 vel

306 3454 408 3539 bisce),
430 3476 489 3522 nec
510 3453 545 3521 bi
568 3455 723 3522 substitui
747 3477 820 3522 cum
844 3453 1025 3542 Spengelio.
1070 3455 1223 3522 Proxima
1245 3458 1353 3520 autem
1376 3475 1449 3520 eum

307 3562 341 3626 in
364 3559 551 3628 Florentino
578 3562 687 3629 codice
715 3563 761 3630 sic
789 3563 911 3648 scripta
940 3564 1019 3630 sint:
1052 3562 1103 3628 ‘in
1130 3561 1262 3627 asbaba
1284 3561 1385 3647 planti
1408 3583 1449 3626 ne

306 3668 468 3754 (plautina
483 3667 582 3748 cort„
600 3670 765 3754 plautinae
778 3668 899 3756 Have.)
918 3690 1050 3754 sequere
1069 3668 1208 3753 adaeque
1226 3668 1349 3756 polpba
1362 3667 1449 3733 disce

308 3797 413 3842 meam
437 3799 528 3862 spem
551 3777 646 3862 cupio
670 3776 832 3864 consequi.
856 3798 974 3862 sequor
997 3774 1169 3841 haeredem
1193 3769 1359 3860 (herclem,
1377 3773 1449 3840 ber·

307 3883 369 3966 cle,
401 3882 531 3950 hercule
554 3882 618 3970 cet.)
647 3883 776 3968 quidem
805 3905 883 3948 nam
915 3882 1054 3949 libenter
1081 3903 1154 3948 mea
1181 3883 1313 3965 sperata
1339 3901 1449 3947 conse·

306 3987 404 4076 quor’
429 4025 485 4074 -,
517 4010 555 4054 ne
583 3988 665 4054 illud
694 3990 728 4054 in
756 4009 840 4056 nanc
869 3991 1018 4055 mutabat
1047 3987 1254 4074 Spengelius,
1286 3991 1449 4054 servatum

307 4101 415 4164 autem
447 4095 581 4180 reliquis
614 4095 662 4160 sic
693 4117 714 4160 a
745 4115 779 4160 se
811 4094 1023 4161 conformatis
1056 4095 1191 4182 aptabat
1222 4094 1449 4162 Lachmannus

307 4206 328 4272 l.
353 4227 377 4270 s.
402 4225 428 4271 s.
451 4226 483 4290 p.
505 4202 568 4268 120
591 4205 624 4268 et
647 4201 687 4268 ad
710 4200 836 4268 Lucret
859 4223 889 4287 p.
908 4201 988 4268 304:
1011 4200 1063 4268 (Α.
1086 4201 1137 4269 Ne
1160 4203 1293 4288 se‘querc
1316 4203 1450 4286 adsecne,

308 4331 519 4344 ......-—..-

395 4379 421 4449 *)
444 4381 538 4453 [Hanc
560 4377 728 4448 particulam
751 4377 808 4432 iam
831 4377 921 4433 edidit
943 4377 974 4434 R.
997 4377 1028 4434 in
1050 4377 1113 4433 Act.
1136 4376 1231 4434 societ
1255 4375 1352 4447 philol.
1372 4375 1448 4446 Lips.

306 4471 372 4525 tom.
392 4467 430 4523 Vl
453 4487 480 4538 p.
504 4473 653 4522 ecc-³68
680 4465 843 4538 inscriptam
868 4466 1088 4523 ‘Varronianum
1106 4465 1236 4536 idemque
1259 4465 1447 4522 Plautinum’.

307 4557 336 4616 e.
357 4557 414 4629 uu]
