3294 5104
541 389 754 438 sunvumvu
778 389 1089 436 vsannrmrvsnvu.
1323 374 1388 439 295

241 540 278 600 ut
306 539 381 602 ante
410 557 507 620 quam
536 535 576 600 ad
604 535 709 618 ipsam
738 531 898 597 accedatis
922 531 1225 616 interpretationem
1248 534 1386 613 faciatis,

242 641 414 708 suademus
447 665 485 708 eo
518 641 657 726 valdius,
690 662 752 725 quo
781 640 911 704 brevius
940 661 978 704 ea
1005 639 1100 704 nobis
1128 663 1226 724 opera
1253 643 1387 724 propter

241 749 427 816 chartarum
450 748 526 814 huic
549 749 716 832 prooemio
739 768 966 812 concessarum
989 747 1188 830 paucitatem
1212 747 1385 832 defungen-

240 857 317 921 dum
340 859 405 941 est,
429 875 555 941 quoque
578 855 723 920 maiore
746 853 806 918 tali
830 854 1000 938 diligentia
1021 853 1146 919 fructus
1171 853 1210 918 ad
1234 855 1385 918 idoneam

240 964 274 1028 in
302 962 364 1028 hoc
391 964 542 1028 universo
571 983 689 1046 genere
711 960 901 1026 facultatem
925 961 1176 1045 comparandam
1200 961 1385 1044 percipitur.

240 1068 293 1136 Sic
316 1069 398 1134 raris
423 1069 615 1154 quibusdam
634 1069 791 1151 exemplis
811 1089 919 1134 veram
939 1069 1132 1152 scripturam
1152 1069 1221 1132 sola
1236 1067 1384 1153 Galliopii

240 1177 438 1242 recensione·
451 1176 614 1259 proditam
637 1175 816 1259 reperietis,
839 1177 876 1237 ut
897 1172 927 1258 I,
949 1173 981 1258 4,
1004 1174 1179 1258 aliquoties
1204 1181 1243 1240 clr
1265 1177 1384 1242 utrius·

241 1305 302 1368 que
333 1283 506 1350 coniuncta
538 1282 694 1346 memoria
724 1281 993 1365 concinnandam,
1019 1285 1062 1364 ut
1090 1280 1160 1346 Per.
1185 1283 1213 1346 7.
1246 1282 1331 1348 Prol.
1354 1284 1384 1366 4,

240 1391 360 1456 alicubi
386 1391 473 1455 inter
501 1412 536 1456 se
559 1391 647 1474 ipsos
670 1389 718 1454 ita
740 1388 959 1472 discrepantes
984 1387 1220 1473 Calliopianos,
1252 1393 1290 1454 ut
1312 1411 1384 1455 con·

240 1497 350 1563 veniat
372 1497 467 1580 parti,
490 1497 576 1581 parti
600 1495 823 1560 disconveniat
842 1515 915 1558 cum
934 1493 1102 1578 Bembina,
1126 1500 1223 1580 atque
1242 1496 1322 1560 adeo
1342 1497 1383 1562 ab
1455 1523 1457 1528 ’

238 1626 303 1672 uno
328 1603 397 1668 solo
421 1625 533 1668 verum
556 1601 598 1666 sit
622 1604 797 1684 servatum,
820 1605 857 1664 ut
880 1599 905 1684 I,
916 1601 946 1664 9.
978 1600 1062 1664 Item
1081 1601 1275 1683 compluries
1292 1601 1384 1666 nulla

238 1712 288 1778 vel
311 1709 544 1796 propemodum
567 1709 657 1773 nulla
680 1709 873 1773 auctoritate
897 1709 1094 1793 intellegetis
1117 1711 1281 1791 receptam
1299 1731 1383 1772 nunc

239 1823 272 1884 et
304 1839 362 1902 per
393 1816 549 1902 plurimas
582 1814 740 1880 editiones
771 1819 988 1902 propagatam
1019 1815 1210 1899 scripturam
1239 1815 1314 1899 niti,
1347 1819 1383 1879 ut

236 1923 483 2009 Per.5.11‚25.
524 1920 628 1988 Simul
652 1925 762 1986 autem
785 1920 865 1986 haec
888 1925 921 1986 et
944 1921 1064 1986 similia
1087 1921 1205 2005 omnia,
1229 1943 1311 2005 quae
1329 1921 1383 1986 hic

238 2031 389 2117 persequi
407 2031 541 2114 longum
561 2034 620 2112 est,
643 2027 765 2092 leviora
784 2051 853 2092 esse
874 2029 1020 2094 sentietis
1039 2051 1117 2113 prae
1136 2029 1259 2094 duabus
1278 2028 1383 2112 robiis,

238 2139 273 2202 in
297 2135 414 2221 quibus
442 2135 516 2218 ipsa
543 2137 663 2198 natura
685 2134 839 2199 Bembini
862 2133 981 2200 codicis
1004 2155 1077 2200 cum
1101 2133 1252 2219 Calliopii
1275 2157 1382 2202 recen·

239 2245 329 2309 sione
359 2241 539 2326 comparati
567 2241 723 2307 cernitur:
755 2245 792 2306 ut
819 2242 854 2308 in
882 2241 1019 2326 singulis
1047 2264 1111 2307 non
1135 2242 1294 2326 haerenti,
1327 2244 1382 2306 sed

238 2352 386 2417 universe
409 2354 442 2415 et
464 2350 644 2435 generatim
666 2349 821 2414 iudicanti
844 2348 972 2432 longius
996 2349 1096 2412 etiam
1120 2373 1140 2414 a
1162 2349 1314 2413 Bembini
1336 2349 1382 2414 in-

240 2458 394 2542 tegritate
418 2454 571 2540 Calliopii
597 2454 741 2520 recensio
769 2454 901 2538 distare,
935 2477 1032 2539 quam
1060 2455 1116 2520 illa
1139 2455 1252 2521 abesse
1276 2477 1296 2520 a
1318 2456 1381 2538 pri-

241 2564 327 2629 stina
349 2563 532 2628 fabularum
551 2561 822 2626 Terentianarum
846 2562 951 2644 specie
975 2562 1130 2645 videatur,
1152 2562 1183 2628 h.
1199 2583 1224 2627 e.
1248 2566 1284 2627 ut
1307 2563 1381 2626 sim-

240 2671 357 2756 plicius
376 2671 530 2754 dicamus,
553 2670 651 2755 longo
670 2667 843 2732 intervallo
858 2668 1016 2752 optimum
1030 2670 1173 2734 codicem
1187 2670 1382 2734 Bembinum

241 2799 324 2863 esse,
352 2800 389 2843 ac
418 2777 515 2862 longe
542 2775 691 2860 plurimis
715 2771 994 2858 Calliopianorum
1022 2776 1133 2840 naevis
1157 2777 1381 2862 abstergendis

238 2885 399 2968 sufficere,
431 2883 488 2948 sed
515 2882 566 2947 vel
595 2881 641 2946 sic
668 2885 807 2965 restare,
839 2903 920 2966 quae
949 2903 1021 2946 cum
1048 2883 1123 2947 tolli
1147 2883 1298 2948 Bembini
1322 2907 1381 2970 ope

239 2994 414 3076 nequeant,
447 2990 533 3056 ultra
560 2989 656 3053 huius
685 2989 781 3052 fidem
808 2989 1037 3073 progrediendi
1066 2993 1099 3055 at
1123 2991 1238 3056 salutis
1267 3011 1380 3058 econ-

237 3098 360 3164 iectura
378 3097 535 3181 petendas
553 3095 782 3162 necessitatem
801 3097 992 3160 monstrent.
1028 3096 1079 3160 Ea
1098 3101 1208 3162 autem
1227 3103 1261 3163 et
1278 3100 1381 3164 maior

237 3209 271 3270 et
293 3204 401 3270 minor
422 3226 482 3288 pro
506 3225 540 3267 re
564 3206 755 3285 comparata
777 3201 930 3266 Bembini
957 3201 1032 3266 libri
1059 3203 1231 3289 integritas
1255 3207 1318 3270 etsi
1341 3206 1380 3272 ad

240 3311 305 3376 alia
318 3311 413 3394 plura
426 3312 562 3394 spectat,
579 3312 689 3372 tamen
707 3311 836 3392 praeter
852 3309 976 3392 reliqua
990 3309 1024 3373 in
1041 3331 1102 3374 uno
1117 3331 1219 3394 eoque
1238 3313 1380 3377 omnium

237 3418 432 3502 gravissimo
446 3416 662 3500 corruptionis
676 3435 794 3500 genere
809 3417 957 3498 cernitur,
967 3415 1029 3480 hoc
1039 3420 1089 3480 est
1102 3417 1136 3480 in
1150 3419 1382 3500 ioteqrotutionc

237 3547 275 3588 cx
297 3523 574 3606 interpretamentis
596 3525 677 3586 orta.
724 3513 1000 3596 Quemadmodum
1023 3523 1108 3588 enim
1132 3523 1381 3606 depravatorum

236 3629 271 3692 in
301 3630 390 3694 codd.
414 3630 608 3714 scriptorum
636 3627 719 3692 aliae
747 3625 886 3692 aliorum
914 3649 1047 3693 caussae
1076 3633 1153 3694 sunt
1179 3630 1386 3713 praecipuae·

235 3759 309 3820 nec,
337 3740 374 3800 ut
395 3736 457 3800 hoc
479 3740 567 3821 utar,
595 3733 820 3800 Plautinarum
843 3734 1099 3816 corruptelarum
1122 3735 1227 3818 primo
1250 3737 1285 3800 in
1308 3737 1380 3802 loco

238 3844 438 3930 glossemata
457 3843 607 3910 habenda
625 3865 696 3907 esse
710 3841 895 3908 monuimus
914 3841 935 3905 l.
950 3863 975 3906 c.
989 3841 1089 3924 p.748
1107 3839 1380 3926 [opusc.p.182]:
1453 3907 1458 3920 ,

235 3951 283 4016 ita
296 3951 331 4016 in
345 3951 491 4016 Terentii
509 3951 630 4016 fabulis
647 3951 771 4015 nullum
791 3954 841 4014 est
859 3949 922 4015 hoc
936 3949 1175 4034 depravationis
1190 3971 1305 4037 genere
1319 3949 1380 4014 fre·

236 4059 396 4143 quantine.
434 4057 527 4134 Quod
545 4061 578 4122 et
596 4059 642 4122 ita
659 4080 728 4124 csse
743 4062 776 4122 et
794 4058 1027 4143 propemodum
1046 4059 1181 4124 dixerim
1199 4081 1265 4125 non
1283 4079 1380 4141 posse

235 4187 302 4231 non
329 4165 378 4230 ita
405 4187 473 4229 esse
500 4163 663 4229 neminem
690 4165 786 4229 facile
809 4165 928 4250 fugiat,
961 4167 1016 4250 qui
1039 4188 1106 4230 non
1129 4188 1258 4249 prorsus
1281 4164 1379 4229 hodie

236 4271 384 4356 fugitivis
415 4271 518 4336 oculis
541 4269 733 4356 Basilicani,
757 4271 923 4355 Vaticani,
945 4271 1155 4336 Ambrosiani
1183 4271 1323 4354 speciem
1346 4277 1379 4338 et

236 4378 458 4444 condicionem
488 4380 655 4442 externam
686 4377 864 4442 intueatur:
897 4400 1031 4463 quorum
1063 4378 1208 4462 singulae
1238 4379 1378 4463 paginae

234 4505 301 4550 nou
337 4487 465 4550 tantum
502 4483 644 4568 repletae
681 4488 756 4550 sunt
791 4493 824 4550 et
854 4489 1008 4568 tanquam
1041 4483 1165 4550 obsitae
1198 4484 1378 4572 adscriptis,
