3294 5104
514 413 727 462 rnnvuaavn
750 412 1062 460 rnuaurrnunavn.
1289 393 1353 458 287

212 552 337 637 gaudis,
351 555 406 638 qui
425 555 458 618 in
473 554 591 620 Perleti
611 557 750 621 maxime
770 561 802 621 et
816 553 1008 620 Itcinhardti
1027 552 1212 617 narratione
1232 573 1355 616 errores

213 661 298 726 haud
326 661 421 745 pauci
449 665 614 728 commissi
644 668 733 746 sunt,
764 663 885 727 diutius
917 661 1084 726 immorari
1112 681 1170 744 por
1195 659 1356 744 angulatis-

213 767 312 832 simos
335 767 430 833 buius
458 771 617 853 prooemii
644 772 724 836 fines
748 770 849 834 licuit.
896 767 1049 854 Sequitur
1071 788 1170 850 nunc,
1202 769 1238 830 ut
1261 766 1355 830 unius

213 873 349 939 alicuius
381 877 558 960 particulae
593 877 805 942 Terentianae
836 877 935 960 plena
968 879 1000 940 et
1027 874 1168 959 integra,
1200 876 1357 958 quantum

213 981 343 1064 quidem
370 983 440 1046 fieri
468 984 586 1066 possit,
619 984 796 1068 scripturae
825 983 997 1048 diversitas
1026 988 1239 1066 proponatur:
1273 980 1357 1065 quod

213 1089 418 1171 quantumvis
442 1090 616 1155 molestum
639 1113 704 1154 non
728 1113 827 1154 unam
850 1089 892 1155 ob
916 1109 1062 1153 caussam
1087 1088 1226 1171 accidat,
1249 1090 1358 1152 tamen

213 1196 321 1258 omitti
349 1217 387 1261 eo
416 1197 668 1282 minuspotest,
701 1221 763 1283 quo
788 1198 905 1262 certius
937 1196 998 1260 hac
1025 1217 1090 1259 una
1119 1196 1172 1260 ria
1201 1195 1357 1260 librorum

215 1301 300 1364 iuter
323 1323 357 1365 se
381 1303 608 1388 similitudines
632 1303 975 1389 dissimilitudinesque
1005 1306 1090 1367 recte
1120 1301 1259 1386 perspici
1287 1323 1358 1384 per-

215 1429 345 1472 suasum
368 1408 526 1476 habemus
550 1415 584 1474 et
607 1435 666 1476 usu
689 1411 944 1495 comprobatum.
989 1409 1072 1474 Eam
1101 1408 1142 1472 ad
1169 1430 1238 1472 rem
1262 1408 1358 1492 elegi-

215 1535 286 1577 mus
309 1515 471 1598 Adclpllorr
494 1518 637 1602 initium,
661 1521 695 1582 et
717 1517 834 1582 litteris
859 1517 988 1602 quidem
1011 1517 1053 1599 A,
1076 1515 1117 1600 B,
1141 1515 1169 1581 0
1189 1515 1359 1580 brevitatis

214 1641 329 1686 caussa
352 1623 551 1707 signavimus
575 1647 595 1693 a
616 1625 782 1689 nobismet
800 1623 884 1707 ipsis
903 1627 979 1708 post
992 1622 1154 1688 Faernum
1178 1621 1281 1686 denuo
1306 1643 1358 1685 ex-

215 1749 324 1794 cussos
343 1729 540 1816 Reatinum,
558 1732 792 1814 Basilicaaum,
817 1731 1012 1796 Vaticanum:
1035 1751 1093 1794 nec
1117 1733 1228 1793 tamen
1242 1727 1358 1792 Faerni

216 1834 318 1918 ipsius
341 1821 529 1902 teatimbnia
552 1837 730 1922 omisimus,
753 1841 789 1902 ut
813 1859 909 1921 quam
932 1837 989 1901 ille
1008 1858 1041 1900 se
1061 1835 1251 1920 diligentem
1269 1857 1360 1918 prae-

217 1941 338 2006 stiterit
361 1947 583 2028 cognoscatur.
615 1943 676 2008 His
701 1943 824 2010 accedit
837 1944 1063 2009 Ambrosianus
1078 1939 1141 2028 (D)
1161 1943 1203 2007 ab
1219 1941 1258 2006 A.
1272 1940 1360 2006 Maio

217 2051 362 2131 repertus
395 2071 522 2134 unaque
555 2073 626 2116 cum
654 2051 763 2116 Plauti
796 2050 989 2137 fragmentis
1022 2049 1154 2114 ineditis
1182 2047 1360 2114 Mediolani

217 2155 349 2240 vulgato
373 2157 504 2222 a.1815
527 2157 639 2222 libello
664 2158 867 2242 aliquatenus
886 2155 1079 2240 descriptus:
1103 2161 1266 2240 postremo
1288 2156 1388 2220 Vin-r

216 2262 394 2328 dobonensis
429 2263 649 2349 fragmentum
686 2265 766 2330 satis
804 2266 972 2348 antiquum
1000 2261 1074 2348 (E),
1110 2263 1143 2327 iu
1175 2263 1361 2328 Endlicheri

218 2365 321 2432 (ialal.
335 2367 426 2435 MSS.
441 2370 572 2436 Vindl
595 2395 625 2456 p.
644 2373 665 2436 2
689 2394 792 2455 nuper
814 2370 1019 2436 recensitum.
1052 2369 1195 2445 Quorum
1219 2370 1361 2433 omniurn

219 2476 403 2542 curabimus
423 2481 459 2541 ut
479 2477 660 2543 accuratior
674 2477 849 2561 descriptio
865 2475 943 2542 olim
958 2475 1046 2541 foras
1061 2475 1162 2540 detur.
1190 2475 1363 2554 Praeterea

219 2581 253 2645 F
277 2581 388 2647 littera
414 2583 599 2650 notavimus
623 2585 804 2650 Aaronem:
836 2584 968 2665 reliquos
991 2587 1099 2648 autem
1123 2605 1196 2648 cum
1219 2583 1363 2664 dicimus,
1389 2671 1396 2678 ι

218 2693 338 2754 nostros
360 2689 580 2774 significamus
605 2691 744 2776 quinque
768 2713 841 2755 cum
863 2689 1008 2754 Halensi.
1053 2688 1101 2756 De
1124 2690 1175 2755 his
1199 2713 1254 2755 sex
1279 2689 1364 2754 codi-

220 2795 309 2859 cibus
338 2796 406 2860 sive
429 2796 589 2861 universis
613 2798 680 2861 sive
704 2797 841 2882 singulis
866 2797 921 2861 ubi
944 2799 1103 2880 tacemus,
1126 2796 1290 2860 sciendum
1314 2799 1365 2860 est
1440 2839 1453 2864 ·

220 2922 292 2965 cum
315 2900 441 2967 Bentlci
465 2903 624 2987 scriptura
647 2926 701 2968 cos
725 2904 923 2986 consentire,
956 2901 1228 2986 Guelferbytanos
1252 2906 1362 2966 autem

222 3011 254 3071 et
276 3008 444 3073 Palatinos
471 3009 592 3074 nullius
615 3010 746 3076 nomine
771 3010 943 3076 distinctos
967 3008 1169 3075 Perletianos
1193 3013 1226 3073 et
1248 3008 1363 3073 Parea-

220 3137 279 3179 nos
304 3137 382 3180 0880.

292 3271 324 3327 G.
344 3273 452 3344 Sulpici
470 3275 641 3344 Apollinaris
660 3275 796 3331 Periocha
810 3276 846 3330 A.
880 3277 1083 3347 Argumentum
1101 3275 1142 3330 oel
1161 3275 1263 3345 Incipit
1276 3277 1365 3344 Argu·

221 3366 347 3417 mentum
365 3364 465 3432 reliqui
481 3365 507 3418 b.
527 3383 548 3420 e.
567 3365 710 3419 BODEF
828 3371 841 3419 1
862 3363 1084 3420 adolescentulos
1103 3363 1134 3418 F
1244 3371 1260 3419 2
1279 3365 1365 3420 aesci-

222 3469 288 3506 num
306 3451 365 3505 BE
488 3459 504 3507 3
537 3453 585 3507 scd
609 3455 637 3507 et
659 3451 836 3524 tesiphonem
859 3471 952 3508 secum
970 3453 1086 3522 retinet,
1111 3455 1207 3510 ambae
1226 3454 1312 3524 hunc,
1337 3453 1367 3507 E

329 3541 522 3610 cytharietriae
541 3541 631 3594 DEF
737 3550 752 3596 o
772 3543 882 3597 celebat
900 3543 937 3596 D.
957 3543 1085 3599 caelabat
1103 3543 1134 3597 F
1238 3543 1367 3598 eschinus

224 3629 261 3696 E,
279 3631 358 3685 eliam
377 3647 401 3686 v.
421 3637 440 3685 8
563 3629 669 3684 famam
687 3632 813 3702 quoque]
834 3631 937 3686 famam
955 3631 996 3686 rei
1014 3631 1050 3686 A.
1088 3632 1248 3700 famamque
1266 3631 1367 3700 reliqui

219 3723 222 3730 '
331 3727 347 3774 6
375 3735 432 3774 sese
451 3720 487 3774 A.
525 3735 554 3774 se
577 3720 676 3789 reliqui
698 3725 724 3774 et
746 3720 882 3774 Ballioni
1025 3719 1213 3775 mansierabat
1230 3719 1261 3772 D

224 3807 431 3878 lphidicinam
450 3810 476 3862 A
602 3809 688 3880 eripit
705 3810 799 3865 lenoni
817 3811 853 3864 A.
890 3810 985 3865 lenoni
1004 3809 1093 3879 eripui
1111 3827 1145 3864 m.
1158 3825 1202 3878 pr.
1218 3807 1248 3862 0.
1274 3807 1367 3862 lenoni

224 3897 327 3967 eripuit
348 3897 405 3952 rell.
513 3897 668 3954 uiolauerat
692 3899 722 3953 E
845 3897 983 3954 8Eidem
1002 3899 1029 3952 A
1154 3897 1215 3952 ciue
1234 3897 1261 3951 A

223 3986 346 4041 Atticam
371 3985 419 4056 aad
440 4003 525 4058 paup.
548 3987 577 4042 D
703 3995 736 4043 10
763 3989 874 4059 iurgare
898 3987 1029 4056 ABGF,
1057 3987 1154 4042 Bolbir'
1177 3986 1267 4054 Grrelf.
1293 3991 1318 4041 1.
1337 3991 1365 4042 2.

224 4075 336 4145 iurgare
356 4077 384 4128 et
402 4074 441 4141 D,
459 4075 555 4130 Boon
573 4076 664 4136 Bcrol.
683 4083 708 4133 1.
729 4083 754 4133 3.
774 4077 887 4133 Helmsl.
923 4077 1035 4147 iurgare
1054 4095 1087 4132 ac
1105 4077 1196 4133 Bcrol.
1215 4081 1244 4132 2.
1277 4076 1367 4143 iurga

225 4164 273 4218 bet
291 4166 321 4218 et
339 4163 369 4217 E
479 4163 564 4235 ferre]
583 4164 692 4220 ferebat
710 4165 740 4220 Ε
856 4173 886 4220 11
911 4165 960 4236 Vt]
980 4165 1018 4220 Et
1035 4167 1063 4220 A
1181 4170 1213 4218 12
1237 4163 1367 4217 uitiatam

224 4253 259 4306 A.
297 4269 315 4306 a
333 4267 362 4306 re
380 4250 511 4306 uitiatam
530 4251 619 4307 ciuem
639 4254 754 4309 atticam
774 4255 910 4326 uirginem
930 4271 1043 4310 uxorem
1058 4253 1176 4320 BODF,
1194 4252 1368 4306 Liadeabra-

223 4342 280 4395 clrii
296 4339 402 4409 Regiae
424 4346 448 4394 et
469 4341 912 4410 Prin.,er‘ricferr’130turanr.
950 4359 1033 4398 aeae
1052 4341 1185 4397 uiciatam
1204 4342 1265 4397 ciue
1284 4343 1369 4413 uirgi-

224 4447 288 4484 nem
307 4431 425 4485 atticam
444 4445 557 4483 uxorem
577 4429 607 4482 E
712 4430 823 4501 tesipho
842 4431 872 4485 D
980 4429 1180 4484 citharistriam
1199 4431 1233 4484 A.
1281 4432 1369 4488 citha·

225 4516 318 4573 ristrie
341 4519 427 4590 (syth.
448 4515 544 4590 ODE)
568 4522 682 4590 exorato
704 4536 754 4574 suo
777 4523 857 4589 patre
880 4509 950 4573 duro
968 4518 1068 4574 demea
1084 4519 1233 4588 BCDEF,
1258 4521 1325 4592 Rea.
1343 4527 1369 4576 ei
