3302 5106
302 391 368 456 370
724 409 770 454 uu
793 407 828 455 n.
852 406 1028 454 vnrrrours

302 549 469 616 collocatis
502 571 602 616 uuum
634 553 877 615 controversum
908 551 970 615 hoc
1002 553 1118 634 restat,
1149 569 1214 634 quo
1243 547 1303 613 has
1334 549 1445 616 ordine

302 658 426 724 musica
449 660 482 723 et
505 657 686 742 astrologia
709 657 899 742 exceperint.
946 655 1035 732 Quae
1058 677 1109 720 res
1133 655 1195 721 etsi
1219 659 1269 720 est
1292 677 1369 722 sane
1392 679 1446 722 an·

300 764 411 849 cipitia
433 765 704 848 ratiocinationis,
726 768 835 828 temen
858 764 1013 848 quoniam
1035 767 1163 848 praeter
1181 763 1325 848 reliquos
1344 765 1441 849 scrip-

300 876 387 937 tores
411 895 495 937 unus
519 870 696 938 eVarrone
711 871 896 937 Marcianus
919 871 1080 955 pependit,
1103 891 1142 936 er
1166 869 1263 936 huius
1286 893 1384 957 quam
1407 893 1446 936 ex

300 980 440 1044 aliorum
464 979 610 1061 exemplo
630 978 733 1044 tutior
751 978 873 1062 poterit
891 977 990 1042 etiam
1009 976 1181 1042 de'herum
1201 976 1445 1062 disciplinarum

300 1085 431 1150 sedibus
454 1084 639 1150 coniectura
662 1085 741 1149 fieri.
769 1123 813 1132 -
840 1085 975 1150 Nullam
998 1087 1107 1149 autern
1130 1083 1290 1148 rationem
1313 1085 1365 1148 vel
1389 1085 1445 1149 ha·

300 1191 429 1258 buimus
457 1190 508 1255 vel
531 1189 715 1257 habendam
738 1191 942 1258 concedimus
965 1189 1060 1255 unius
1083 1189 1280 1274 testimonii,
1310 1213 1374 1275 quo
1399 1190 1445 1255 ri·

299 1297 393 1362 detur
407 1319 483 1363 sane
498 1297 603 1362 omnis
618 1319 714 1384 quem
728 1297 958 1382 proposuimus
972 1296 1219 1380 disciplinarum
1234 1295 1313 1362 ordo
1332 1297 1444 1362 everti.

297 1402 361 1469 Est
390 1404 424 1470 id
447 1403 586 1471 Acconis
618 1406 653 1471 in
675 1403 807 1470 Horatii
830 1402 901 1469 Art
924 1407 1009 1488 poet.
1033 1404 1097 1468 203
1129 1403 1210 1469 baec
1241 1406 1444 1470 cunctantis:

304 1510 404 1576 Varro
430 1513 479 1576 ait
504 1513 539 1576 ia
567 1513 654 1576 tertio
676 1511 927 1593 Disciplinarum
954 1512 1047 1576 etad
1067 1509 1254 1575 Marcellam
1276 1513 1313 1576 de
1335 1511 1444 1595 linqua

298 1616 398 1682 nana
427 1623 573 1701 quatem
600 1619 796 1700 foraminum
822 1618 920 1698 faisse
947 1617 1039 1682 tetius
1066 1617 1151 1699 apud
1177 1617 1332 1699 ammas,
1363 1623 1392 1682 et
1412 1637 1444 1682 se

297 1723 400 1806 apuam
421 1726 469 1789 ait
490 1727 525 1789 ira
548 1726 657 1808 tenspio
670 1726 820 1808 Marsyae
842 1726 953 1790 maiam
971 1724 1063 1789 tibias
1080 1727 1225 1805 quattuor
1241 1723 1443 1804 foraminum.

297 1829 372 1896 Non
395 1854 490 1916 posse
514 1833 566 1896 his
590 1832 624 1896 in
648 1832 715 1896 alia
737 1831 909 1915 disciplina
931 1830 994 1895 nisi
1014 1831 1047 1894 in
1066 1830 1190 1894 musica
1208 1829 1315 1895 locum
1333 1831 1444 1916 fuisse,

297 1935 384 2000 haud
408 1942 543 2021 gravate
566 1937 787 2022 unusquisque
810 1936 1013 2018 concesserit,
1036 1937 1078 2000 iis
1101 1935 1292 2020 praesertim
1316 1938 1443 2004 collatis

297 2065 378 2127 quae
403 2047 422 2124 ξ
448 2044 487 2108 14
512 2043 697 2108 afferentur:
719 2065 815 2108 nemo
840 2047 958 2126 autem,
980 2043 1036 2126 qui
1061 2043 1090 2108 ei
1113 2043 1302 2127 disciplinae
1325 2046 1443 2112 tertius

297 2149 397 2215 dicari
420 2149 503 2215 liber
525 2151 681 2244 potuerit,
704 2149 772 2214 ulla
795 2153 873 2232 puto
897 2149 1023 2213 ratione
1046 2149 1208 2232 expediet:
1232 2151 1361 2236 quando
1384 2173 1443 2216 nec

297 2258 458 2340 quomodo
478 2257 631 2322 divellere
650 2256 848 2323 rhetoricam
867 2261 900 2321 et
918 2256 1130 2340 dialecticam,
1148 2278 1206 2322 nec
1225 2278 1321 2341 quem
1335 2259 1441 2324 locum

257 2385 282 2424 n
298 2363 443 2430 divulsae
467 2364 616 2430 alterutri
639 2363 783 2430 tribuere
807 2364 862 2449 qui
886 2367 1016 2448 saperet
1037 2363 1190 2448 potuerit,
1213 2364 1263 2429 vel
1286 2366 1442 2450 perspici·

297 2493 368 2536 mur
396 2473 446 2536 vel
476 2472 586 2556 aliqua
613 2471 796 2537 coniectura
820 2471 1030 2555 assequimur.
1076 2470 1144 2536 Aut
1167 2470 1267 2556 igitur
1290 2472 1441 2538 mendum

297 2577 405 2643 estin
427 2599 575 2661 numero,
599 2582 656 2644 aut
678 2579 820 2663 pertinet
842 2579 897 2663 qui
921 2578 1060 2662 scriptus
1085 2581 1136 2642 est
1158 2599 1310 2644 numerus
1334 2579 1375 2644 ad
1399 2580 1442 2644 al-

296 2689 402 2749 terum
424 2684 662 2750 testimonium:
687 2686 773 2750 tertio
796 2686 839 2749 ad
854 2683 1042 2750 Marcellum
1064 2685 1100 2748 dc
1123 2685 1230 2767 linqua
1249 2685 1366 2750 latua:
1390 2707 1441 2750 ex·

296 2791 395 2856 trusit
417 2795 525 2856 autem
549 2792 626 2856 libro
650 2791 702 2856 vel
726 2791 821 2856 libris.
867 2789 961 2857 Certe
985 2812 1050 2856 acu
1074 2789 1212 2855 alienius
1235 2811 1255 2854 a
1277 2791 1375 2856 tertio
1399 2791 1441 2856 ad

296 2895 488 2964 Marcellum
512 2897 593 2963 illud
616 2903 667 2963 est
690 2897 776 2984 quod
800 2897 839 2962 de
862 2897 954 2962 tibiis
976 2897 1116 2963 traditur
1136 2919 1232 2982 quam
1252 2899 1336 2983 quod
1355 2899 1441 2982 apud

295 3002 439 3072 Nonium
470 3029 500 3090 p.
523 3007 588 3071 318
619 3006 657 3071 de
686 3007 821 3090 epicroca
850 3005 1012 3070 communi
1042 3005 1122 3070 viris
1150 3025 1222 3070 cum
1251 3005 1440 3070 mulieribus

296 3111 498 3177 vestimento.

386 3217 415 3282 2.
457 3217 578 3294 Quodsi
601 3218 634 3282 id
658 3217 822 3302 sequimur
845 3215 941 3300 quod,
963 3216 1040 3280 licet
1062 3216 1278 3282 demonstrari
1301 3221 1441 3304 nequeat

297 3325 545 3408 argumentandi
576 3325 783 3406 necessitate,
820 3327 929 3387 tamen
968 3344 987 3386 a
1022 3323 1255 3406 probabilitate
1290 3325 1439 3408 proximo

296 3430 467 3496 intervallo
492 3430 587 3514 absit,
610 3431 718 3496 nescio
743 3452 784 3494 an
809 3430 959 3496 universa
981 3428 1177 3496 Varroniani
1201 3431 1308 3516 operis
1331 3431 1438 3516 dispo·

295 3538 372 3603 sitio
396 3536 476 3602 haec
498 3535 606 3620 iberit,
629 3541 666 3602 ut
689 3540 841 3624 ageretur
1021 3523 1028 3538 ’

294 3715 491 3770 arithmeticam
509 3727 563 3766 esee
580 3713 724 3768 volucram
737 3718 886 3782 propterca
903 3713 976 3782 qaod
994 3713 1099 3766 musica
1116 3717 1142 3766 et
1153 3714 1299 3782 pamma
1312 3718 1339 3768 et
1353 3719 1438 3768 astro

293 3803 399 3868 comio,
422 3820 491 3872 quoe
508 3807 668 3871 sequuntur,
692 3801 816 3872 indicent
835 3801 1020 3856 aritlrmctica:
1051 3840 1162 3855 .....
1182 3801 1354 3858 arithmetica
1372 3817 1433 3856 cero

292 3895 325 3944 ut
341 3893 386 3956 sit,
404 3908 489 3960 meque
505 3893 611 3946 musica
628 3909 714 3962 neque
731 3891 878 3962 qemnetria
891 3905 976 3959 aeque
989 3890 1157 3944 astronomia
1170 3905 1244 3960 apere
1257 3891 1435 3961 copnoacrtur.

293 3979 478 4036 Verissimum
496 3981 563 4050 boc,
582 3981 630 4036 sed
649 3983 682 4036 ut
699 3984 794 4037 tamen
813 3997 864 4036 nec
883 3995 939 4034 uno
957 3995 1008 4034 nec
1025 3979 1116 4034 tribus
1135 3981 1200 4034 aute
1219 3979 1338 4034 saecalir
1356 3977 1437 4034 intel·

292 4069 398 4126 lectum
421 4069 466 4126 vel
490 4069 641 4125 intellectis
665 4069 889 4140 obtemperatum
913 4085 973 4124 erse
997 4067 1126 4138 exempla
1148 4067 1282 4124 clament:
1307 4065 1437 4137 pertinax

292 4159 367 4215 enim
389 4158 505 4214 humani
529 4157 642 4214 errroris
665 4161 767 4215 natura
789 4161 819 4214 et
836 4158 879 4214 vis
903 4155 1019 4212 diutina
1058 4154 1148 4222 Quare
1167 4155 1234 4226 quid
1253 4157 1297 4212 est
1313 4155 1436 4222 tandem,

292 4264 341 4303 cur
362 4249 391 4304 in
414 4247 470 4303 illis
493 4247 675 4318 scriptoribus
693 4247 883 4302 saecularibus
903 4263 957 4302 non
976 4262 1058 4316 posse
1076 4263 1132 4300 uon
1151 4243 1236 4300 inisse
1254 4244 1346 4316 iprum
1366 4243 1436 4298 Var-

290 4353 387 4392 ronem
406 4337 577 4392 contendas?
606 4335 694 4400 Quem
709 4353 758 4390 suo
772 4335 894 4405 quodam
913 4335 998 4391 modo
1015 4335 1134 4390 multum
1154 4334 1265 4389 diverso
1283 4332 1318 4386 de
1337 4333 1436 4386 mutim

290 4424 502 4496 disciplinarum
520 4424 659 4480 affinitate
677 4423 837 4480 ratiocinari
857 4425 980 4494 potuisse
997 4423 1082 4480 facile
1100 4441 1134 4478 ex
1152 4421 1187 4476 iis
1210 4420 1346 4490 conicias,
1371 4419 1433 4490 qui·

289 4515 342 4569 bus
361 4529 446 4583 quam
464 4513 522 4568 late
540 4514 661 4570 voluerit
678 4513 850 4583 memetriae
869 4513 926 4568 rim
944 4515 1040 4584 patere
1059 4509 1242 4581 intellegitur.
