3274 5114
324 375 390 439 260
717 393 754 440 rr
778 393 887 440 vrrrn
910 393 1076 441 rnanrru

322 534 453 600 nollem.
488 533 575 599 Nam
593 533 628 598 in
645 556 760 598 navem
779 536 983 621 praemisisse
1008 537 1152 600 sarcinas
1175 537 1205 600 is
1229 540 1358 602 tantum
1381 542 1470 602 recte

324 639 441 705 dicitur
464 639 527 724 qui,
550 640 703 705 inlitora
726 643 852 706 restans
876 663 1058 727 parumper,
1081 664 1152 706 eam
1171 663 1286 707 navem
1305 643 1375 727 ipse
1393 665 1469 734 con-

323 767 493 811 scensurus
516 749 581 811 est:
610 768 691 831 quae
715 748 875 831 quomodo
898 749 1017 832 perire,
1041 748 1185 812 nondum
1209 769 1340 832 egressa
1362 754 1469 834 portu,

322 853 450 936 potuit?
487 851 618 917 Rectius
640 875 710 918 rem
733 855 834 918 menti
858 877 935 919 suae
959 855 1098 939 scriptor
1120 857 1206 920 vitae
1230 855 1468 920 Ambrosianae

322 957 534 1042 informabat,
562 959 769 1043 quantumvis
797 961 826 1024 is
850 963 1106 1025 commentorum
1129 960 1228 1025 ferax.
1251 997 1294 1005 —
1317 958 1469 1026 Ceterum

320 1085 402 1128 auree
424 1065 533 1148 potius
558 1087 655 1148 quam
677 1067 756 1130 noui
778 1089 817 1130 cx
839 1067 922 1131 aaut
947 1067 1081 1150 efficias,
1104 1070 1142 1130 ut
1163 1067 1221 1132 Iul.
1240 1067 1292 1132 52.
1316 1066 1401 1152 Aug.
1418 1069 1468 1133 17.

322 1169 395 1234 Tib.
420 1170 469 1235 14.
493 1171 558 1236 Tit.
581 1172 602 1236 5
625 1176 659 1236 et
681 1173 830 1256 fortasse,
853 1172 892 1236 de
916 1195 980 1257 quo
1003 1195 1122 1257 anceps
1145 1173 1311 1258 iudicium,
1333 1175 1391 1238 Iul.
1415 1177 1468 1240 66.

322 1273 427 1341 Semel
457 1281 584 1341 tantum
614 1278 648 1342 in
672 1277 870 1344 Memmiano
901 1279 1010 1344 codice
1040 1280 1204 1364 proditum
1233 1283 1313 1344 narrt
1340 1282 1468 1365 reperio

321 1369 408 1468 Aug.
428 1383 480 1466 98,
502 1389 671 1466 praeterea
695 1384 734 1449 de
757 1383 839 1448 rhet.
864 1388 881 1449 1
906 1389 986 1450 extr.

410 1487 515 1554 Versu
539 1487 556 1552 5
587 1489 622 1552 ia
643 1489 699 1554 erio
722 1489 830 1572 Appia
857 1491 1051 1574 pravissimo
1076 1491 1227 1558 instituto
1251 1493 1468 1578 Burmannus,

321 1595 406 1686 quod
430 1595 528 1659 etiam
551 1595 657 1679 magis
676 1596 795 1661 mirum
810 1595 1075 1682 Oudendorpium
1094 1619 1249 1664 servasse.
1280 1597 1467 1684 Numquam

319 1723 386 1766 non
426 1701 547 1766 omissa
587 1703 830 1786 praepositione
871 1705 999 1770 locutus
1036 1683 1223 1770 Suetonius:
1268 1707 1325 1768 reio
1360 1706 1467 1788 Amaia

320 1805 432 1873 Olaud.
456 1809 489 1892 1,
517 1809 573 1872 rit.
596 1807 700 1873 Persii
729 1805 833 1892 (euius
863 1811 1022 1876 recentior
1045 1810 1174 1875 demum
1196 1811 1356 1895 interpres
1380 1813 1466 1895 apud

265 1912 468 1977 sulahnium
491 1935 521 1996 p.
545 1913 609 1977 239
633 1915 668 1978 ia
692 1913 844 1998 addidit),
867 1916 946 1980 item
970 1917 1004 1980 in
1026 1917 1095 1982 vita
1117 1917 1216 1981 Ennii
1241 1917 1326 2001 apud
1348 1915 1466 1982 Hiero·
1574 1947 1578 1952 ’

319 2040 463 2102 nymum,
486 2019 537 2084 vel
556 2019 664 2101 Appio
683 2021 874 2104 simpliciter
892 2021 963 2086 Tib.
975 2022 1026 2106 72,
1048 2024 1105 2087 aio
1117 2023 1322 2089 Iboenestr'aa
1345 2025 1379 2088 in
1399 2025 1467 2089 vita

320 2123 433 2208 Attae,
460 2123 512 2188 rel
535 2125 663 2192 inverso
687 2125 798 2192 ordine
822 2127 954 2193 Ararelio
976 2130 1033 2192 aria
1055 2129 1148 2196 Galb.
1172 2132 1229 2215 20,
1257 2129 1387 2196 Saturio
1409 2132 1464 2195 uia

318 2227 417 2312 Vesp.
445 2229 498 2314 12,
525 2231 645 2297 lobna
667 2235 722 2298 arb
744 2233 839 2299 Dom.
866 2234 919 2298 17:
954 2256 1035 2318 quae
1059 2237 1208 2320 exempla
1229 2258 1332 2321 prope
1356 2238 1466 2302 omnia

318 2335 472 2420 adposuit
494 2335 642 2403 Rothius.
689 2338 894 2424 Quamquam
921 2340 956 2404 tn
982 2359 1073 2406 socru
1100 2343 1157 2406 reia
1179 2342 1265 2407 idern
1289 2341 1465 2408 Suetonius

318 2442 702 2510 analatrasum.
747 2445 829 2510 Item
860 2447 894 2510 ia
922 2448 978 2511 aio
1000 2447 1196 2512 Laurentiae
1226 2447 1350 2514 Gellius
1379 2467 1412 2533 rr,
1434 2451 1465 2534 2,

318 2549 347 2614 si
370 2550 501 2634 integra
524 2550 693 2634 scriptura.
1115 2565 1116 2568 ’

406 2654 483 2737 Peg.
497 2655 593 2730 alae
615 2657 659 2721 ad
679 2656 798 2722 Mortis
819 2659 932 2722 uillam
956 2659 1040 2724 libri.
1075 2659 1144 2725 Nec
1167 2660 1267 2725 fuisse
1290 2661 1391 2726 ullam
1411 2661 1465 2727 via

317 2763 426 2848 Appia
447 2763 559 2828 atillam
581 2761 697 2828 Martis
721 2785 780 2828 nec
804 2765 941 2849 eogitari
964 2787 1059 2848 posse
1079 2763 1267 2849 Schopenus
1290 2767 1382 2851 vidit,
1403 2769 1463 2832 reil-

318 2871 382 2935 am
404 2868 618 2954 probabiliter
642 2869 802 2934 coniciens
826 2869 1036 2952 explicandae
1059 2870 1196 2936 bortrdm
1223 2873 1295 2938 voci
1319 2874 1460 2958 adscrip-

318 2981 387 3042 tum
416 2997 494 3042 esse.
545 2973 645 3040 Cuius
677 2975 749 3059 ipsa
778 2975 877 3041 verba
906 2975 1007 3040 habes
1035 2976 1070 3040 in
1098 2977 1299 3043 Fleckeisani
1328 2980 1463 3062 praelat.

195 3097 198 3100 ’
317 3105 349 3166 p.
379 3101 439 3147 v11.
493 3082 563 3158 Quo
596 3083 701 3167 magis
734 3082 891 3147 miramur
922 3103 1032 3146 rursus
1065 3086 1239 3165 patronum
1271 3084 1319 3147 illi
1352 3085 1380 3148 si
1412 3087 1462 3150 dis

317 3189 426 3272 placet
452 3189 549 3253 villae
573 3188 728 3254 Rotbium
757 3211 788 3272 p.
814 3188 876 3252 186
905 3187 1063 3270 extitisse,
1098 3185 1245 3254 Suetonii
1275 3189 1463 3258 testimonie

318 3316 413 3359 usum
437 3295 520 3377 quod
545 3299 594 3360 est
617 3296 652 3359 in
678 3295 743 3359 vita
766 3293 889 3357 Tiberii
913 3315 981 3376 cap.
1006 3292 1062 3357 65:
1094 3313 1154 3376 per
1175 3313 1285 3359 nouem
1302 3297 1463 3378 proximos

316 3419 432 3466 amasae
457 3421 521 3465 non
548 3422 683 3484 opressa
709 3405 754 3466 est
780 3400 860 3466 uilla
886 3419 964 3482 patae
990 3403 1120 3464 uocatur
1142 3399 1240 3465 Iorrrs.
1285 3401 1330 3466 Et
1353 3407 1462 3468 tamen

316 3507 448 3572 conlato
480 3506 593 3572 Tacito
629 3507 743 3572 Annal.
773 3525 819 3592 lv,
847 3505 889 3572 67
920 3505 1049 3590 pridem
1081 3506 1282 3572 intellectum
1315 3513 1365 3574 est
1395 3532 1461 3575 non

317 3613 415 3678 aliam
445 3612 540 3678 huius
570 3614 712 3680 nominis
740 3592 898 3680 tationem
928 3634 998 3678 esre
1025 3613 1089 3678 nisi
1118 3613 1203 3697 quod
1231 3613 1398 3680 duodecim
1426 3615 1461 3680 in

317 3715 451 3805 Capreis
474 3717 581 3785 insula
604 3719 692 3784 villis
716 3721 782 3784 suis
806 3719 945 3804 privatis
959 3717 1107 3783 liberius
1127 3719 1286 3784 arbitratu
1305 3743 1363 3786 suo
1382 3721 1460 3786 duo-

316 3827 418 3891 decim
443 3826 576 3892 deorum
598 3827 732 3892 nomina
755 3825 928 3890 indiderat:
951 3824 984 3888 id
1008 3823 1092 3909 quod
1115 3843 1198 3888 unus
1218 3825 1354 3910 quisque
1372 3827 1460 3892 videt

317 3931 358 3996 ad
385 3932 548 4016 publicum
576 3951 695 3996 nomeu
722 3931 809 3996 aedis
837 3927 986 4013 publicae
1016 3929 1097 3994 nihil
1125 3952 1258 4014 prorsus
1288 3925 1477 4018 pertinere*

316 4037 385 4104 Nec
412 4037 488 4101 hina
515 4057 580 4101 non
608 4037 713 4102 aliena
740 4037 819 4101 ailla
841 4035 960 4100 Martis
987 4034 1022 4098 in
1044 4036 1209 4118 Apennino
1236 4038 1306 4122 illa,
1339 4039 1373 4102 in
1396 4061 1459 4124 qua

316 4145 518 4209 Pertinacem
540 4142 621 4226 Imp.
639 4145 752 4207 natum
771 4141 872 4207 Iulius
892 4139 1096 4224 Capitolinus
1120 4147 1175 4208 c.l
1199 4145 1370 4227 perhibere
1393 4167 1458 4209 cre-

316 4251 415 4316 ditur:
437 4249 494 4332 ubi
515 4250 595 4314 ailla
617 4249 728 4313 matris
752 4251 803 4312 est
825 4247 859 4311 in
882 4247 1033 4313 Palatino
1056 4248 1174 4313 codice.

404 4354 526 4420 Versus
540 4357 620 4422 7-6
639 4357 673 4421 in
695 4377 789 4440 quem
804 4354 960 4420 ambitum
978 4355 1192 4440 pinguissima
1206 4355 1459 4437 interpolatione

317 4461 492 4545 creverint,
515 4464 596 4528 satis
619 4485 718 4548 supra
740 4461 940 4546 disputatum
964 4467 1014 4527 est
1038 4462 1132 4544 adp.
1156 4461 1230 4544 206,
1254 4461 1404 4547 8-207,
1428 4465 1458 4530 3.
