3294 5104
294 415 360 480 310
566 430 806 491 ovansrrouns
831 429 1165 479 ouonsrouoorcsn.

295 574 507 640 *Ἐλεύειον
530 573 743 638 Eleusium:
764 573 902 639 tibicina
916 573 1155 659 AululariaelL
1166 574 1195 658 5,
1207 575 1235 638 7.
1252 574 1442 655 [Derivatur

340 705 360 746 a
378 681 535 747 vocabulo
559 679 688 764 ἔλευειε,
712 683 747 743 ut
771 703 791 744 a
809 680 960 760 πλάνηα(
979 681 1017 744 fit
1035 678 1227 762 Πλανήειον,
1252 681 1443 762 αφρόνηει(

340 786 540 869 Φρονήειον.]

296 895 590 976 *ῒἜξαίραμβοε
614 895 890 960 Exaerambus:
915 894 1069 977 vinarius,
1091 892 1263 957 Asinariae
1282 893 1323 976 ll,
1342 895 1372 977 4,
1392 895 1444 960 30.

341 1003 384 1067 32
407 999 496 1086 (436.
520 1001 609 1088 438).
656 1001 726 1078 Quo
750 1005 901 1086 spectans
921 999 1134 1065 casaubonus
1157 1001 1192 1064 in
1210 1000 1375 1065 Athenaei
1393 1000 1443 1064 lll

342 1131 371 1193 p.
399 1107 503 1173 112Ε
528 1107 612 1194 ‘ego’
637 1107 742 1192 inquit
766 1107 842 1173 ‘non
866 1107 999 1173 memini
1021 1129 1093 1172 eam
1111 1107 1172 1172 viri
1191 1109 1444 1192 appellationem

343 1236 478 1300 usquam
508 1216 593 1299 apud
617 1215 758 1282 Graecos
786 1216 908 1300 legere:
937 1237 975 1279 ac
1002 1215 1142 1279 fortasse
1166 1214 1317 1280 Sarumbo
1345 1215 1444 1299 scrip·

343 1327 452 1387 serant
475 1327 508 1386 et
527 1322 662 1388 Plautus
686 1327 718 1387 et
738 1343 871 1408 graecus
891 1323 947 1386 ille
966 1323 1117 1406 comicus,
1141 1343 1235 1406 quem
1255 1327 1353 1406 poeta
1372 1323 1445 1386 lati·

344 1453 404 1494 nus
437 1431 581 1515 sequitur
611 1429 797 1496 auctorem?
844 1429 1003 1495 Graecum
1031 1430 1116 1494 enim
1145 1429 1301 1512 cauponis
1327 1451 1446 1494 nomen

343 1535 517 1621 (ἀραμβοε,
540 1538 573 1602 in
597 1537 684 1622 quod
708 1560 821 1603 vereor
843 1561 883 1604 ne
903 1538 1082 1602 Meinekius
1107 1535 1196 1602 (lom.
1221 1541 1244 1600 t.
1263 1535 1310 1600 lv
1329 1559 1360 1620 p.
1380 1537 1445 1601 525

344 1643 479 1708 calidius
499 1643 776 1726 animadverterit,
800 1643 880 1708 satis
901 1643 1081 1708 vindicasse
1096 1643 1131 1708 L.
1145 1643 1348 1708 Dindorfium
1363 1643 1446 1707 The-

346 1751 434 1816 sauri
458 1755 481 1814 t.
505 1749 569 1814 VII
592 1774 622 1835 p.
647 1751 686 1814 'll
712 1749 875 1834 p'ntamus,
898 1751 1027 1835 quicum
1051 1751 1089 1814 cf.
1109 1749 1304 1815 hobeckium
1319 1749 1447 1814 Pathol.

346 1876 392 1940 gr.
412 1857 535 1942 proleg.
555 1880 585 1940 p.
605 1857 678 1922 298.
720 1857 769 1922 Ac
792 1855 960 1921 fatendum
984 1861 1033 1921 est
1053 1856 1349 1922 commodissimum
1368 1853 1448 1918 illud

345 1963 492 2026 versibus
516 1963 676 2027 Plautinis
700 1985 783 2026 esse:
813 1963 875 2027 Sed
896 1965 970 2026 vino
992 1983 1070 2044 quoe
1091 1962 1158 2026 heri
1180 1963 1303 2027 vendidi
1324 1961 1448 2026 vinario

344 2067 511 2132 Sardmbo:
536 2105 576 2114 -
603 2069 688 2131 Nom
715 2069 780 2132 vidi
808 2068 867 2131 buc
889 2069 990 2149 almum
1013 2069 1161 2133 addticcre
1184 2070 1365 2150 trapezitam
1389 2069 1448 2132 So-

345 2175 494 2241 rdmburu.
522 2173 632 2259 Ipsam
652 2173 893 2258 diphthongum
913 2174 976 2237 nisi
992 2173 1094 2237 Vetus
1119 2175 1217 2238 codex
1242 2181 1358 2259 servet,
1382 2197 1447 2240 non

345 2282 483 2346 fortasse
515 2281 624 2366 inepte
655 2281 817 2365 quispiam
850 2281 888 2344 de
922 2278 1086 2361 (ήραμβοε
1120 2279 1286 2346 Serombas
1319 2283 1451 2367 cogitet,

346 2389 435 2453 cuius
458 2389 599 2454 nominis
624 2387 772 2472 exempla
794 2387 978 2453 Lobeckius
1002 2388 1198 2473 suppeditat.

302 2493 560 2574 *Ἐπίγνωμοε
585 2493 838 2580 Epignomus:
862 2494 987 2562 iuvenis
1008 2494 1144 2558 maritus
1164 2493 1275 2559 Stichi.
1314 2494 1452 2560 Servant

345 2601 406 2665 hoc
426 2621 543 2664 nomen
563 2623 620 2684 per
634 2603 739 2666 totam
753 2601 900 2666 fabulam
913 2625 977 2666 non
994 2601 1135 2666 Palatini
1151 2605 1290 2685 tantum,
1310 2603 1365 2666 sed
1381 2603 1451 2686 ipse

346 2706 591 2772 Ambrosianus
638 2708 700 2772 Hic
724 2713 832 2772 autem
856 2709 940 2772 liber
963 2730 1036 2771 cum
1059 2711 1092 2770 et
1115 2729 1173 2790 pro
1198 2729 1344 2773 sororum
1366 2731 1449 2793 quae

346 2813 534 2880 ferebantur
555 2814 739 2880 nominibus
759 2803 932 2898 Panayyrts
950 2817 983 2878 et
1001 2813 1174 2894 Pinacium,
1198 2819 1230 2878 et
1253 2837 1313 2898 pro
1337 2815 1449 2901 inepto

346 2920 438 3004 pueri
461 2921 592 2986 nomine
616 2921 806 3004 mnodum,
830 2925 863 2986 et
887 2943 963 2986 vero
987 2943 1046 3004 pro
1069 2921 1179 2984 fratris
1203 2921 1332 2984 nomine
1357 2921 1451 2986 Pam-

340 3025 502 3108 philippus
525 3041 659 3110 prorsus
683 3027 809 3092 diversa
832 3028 912 3092 haec
936 3027 1115 3090 substituat
1140 3025 1336 3116 Philumena,
1360 3028 1453 3093 Pom-

341 3133 445 3216 ptila,
473 3133 653 3212 Haedum,
681 3132 881 3214 Pamphilus:
914 3134 952 3198 de
987 3155 1050 3217 quo
1079 3133 1201 3197 dictum
1229 3139 1278 3198 est
1307 3135 1338 3198 in
1363 3158 1454 3219 prae-

349 3239 473 3303 fatione
506 3238 611 3304 Stichi
642 3261 673 3322 p.
701 3239 731 3302 X
759 3261 818 3322 sq.:
856 3239 999 3303 eiusdem
1036 3239 1233 3304 condicionis
1267 3242 1454 3306 societatem

351 3345 577 3412 Fleckeisenus
606 3343 774 3430 (editionis
803 3369 879 3410 suae
903 3369 933 3430 p.
957 3345 1036 3430 233)
1066 3347 1248 3430 suspicatus
1281 3351 1331 3412 est
1355 3348 1454 3412 etiam

353 3453 393 3519 ad
413 3455 551 3519 alterum
570 3454 706 3518 fratrem
725 3454 920 3538 pertinuisse
939 3476 997 3538 pro
1018 3475 1118 3538 eoque
1138 3453 1222 3538 quod
1240 3453 1336 3519 hodie
1354 3454 1458 3519 fertur

358 3561 554 3645 Epapuomus
585 3559 714 3624 nomine
747 3560 835 3624 aliud
868 3561 974 3646 ipsum
1006 3564 1137 3644 poetam
1171 3559 1330 3644 posuisse,
1362 3559 1459 3645 idque

356 3689 542 3734 mensuram
561 3667 693 3751 paeonis
713 3667 844 3732 secundi
864 3687 1006 3751 aequans
1025 3666 1114 3731 velut
1127 3667 1342 3748 Epsrropuos.
1372 3665 1459 3732 Satis

357 3775 389 3839 id
413 3774 542 3859 quidem
566 3797 633 3858 per
657 3797 695 3838 se
719 3773 944 3858 probabiliter:
968 3793 1162 3857 quamquam
1186 3771 1290 3836 altera
1309 3793 1347 3836 ex
1366 3777 1459 3857 parte

358 3881 438 3944 illud
471 3883 581 3944 tamen
613 3903 728 3964 parum
762 3879 965 3946 commodum
993 3879 1190 3964 explicatum
1216 3879 1330 3962 habet,
1363 3901 1460 3962 qusun

360 3987 442 4052 miro
466 4009 542 4052 casu
566 3987 600 4051 in
625 3987 888 4070 Ambrosianum,
914 3987 969 4072 qui
993 3987 1027 4052 in
1051 3985 1165 4051 ceteris
1189 3986 1295 4070 ipsam
1318 3989 1460 4050 veterem

358 4095 576 4160 recensionem
600 4100 832 4180 repraesentet,
855 4117 954 4160 unum
977 4115 1097 4160 nomen
1121 4093 1225 4158 solum
1248 4091 1420 4176 inrepserit
1444 4113 1461 4154 e

359 4201 552 4267 recentiore:
577 4199 662 4283 quod
687 4205 799 4265 contra
817 4199 949 4264 minime
968 4201 1084 4264 mirum
1104 4221 1142 4264 ex
1161 4199 1344 4284 antiquiore
1362 4221 1461 4263 unum

357 4309 449 4394 pueri
485 4329 604 4372 nomen
637 4307 803 4372 Pinacium
840 4307 989 4371 relictum
1021 4329 1091 4371 esse
1124 4305 1159 4370 in
1191 4303 1310 4370 Vetere
1343 4304 1459 4370 codice.

353 4415 475 4480 Verum
499 4419 548 4478 est
571 4435 671 4478 unum
694 4413 824 4479 fabulae
848 4435 989 4498 versum,
1013 4413 1062 4478 eni
1087 4411 1209 4498 aliquid
1232 4411 1322 4476 deest
1346 4411 1386 4474 ad
1410 4411 1453 4475 le·

353 4521 502 4606 gitimam
531 4541 729 4604 mensuram,
760 4523 891 4602 recepto
920 4519 1074 4604 paeonico
1103 4518 1259 4584 vocabulo
1287 4517 1454 4582 commode
