3302 5106
289 390 354 456 368
710 408 756 454 nn
781 407 815 454 n.
840 407 1014 454 vsuuoms

289 549 476 612 aaaadacata
494 549 658 630 portulaca
681 549 848 628 ato-aaa,
868 549 924 612 nbi
943 547 1064 631 aliquid
1084 548 1203 612 excidit
1222 571 1332 612 eorum
1352 571 1434 632 cquae

288 657 475 720 marulueata
491 656 650 736 porcilaca
674 655 782 720 sanari
806 655 931 720 Plinius
955 654 1089 720 tradidit
1111 653 1151 718 N.
1176 654 1215 720 H.
1239 655 1309 739 XX,
1320 658 1434 740 20‚81,

289 762 378 825 velut
400 763 502 827 ulcera
525 760 635 846 (oris),
669 767 816 844 tuoruum
839 759 1088 848 (gingivarum),
1120 763 1236 826 (latores
1260 764 1434 849 (dentium)

289 872 321 931 et
351 890 432 951 quae
463 873 538 933 sunt
568 869 706 953 reliqua:
742 871 828 934 sitim
856 869 984 954 Lipsius
1014 874 1046 933 et
1071 867 1193 952 Popmu
1223 870 1434 936 inseruerunt

288 972 363 1038 Non
386 997 456 1038 esse
479 997 554 1040 casu
579 977 701 1042 factum
726 981 869 1061 apparet,
893 977 977 1060 quod
1002 999 1040 1038 ex
1064 996 1128 1038 uno
1152 973 1328 1060 eodemque
1349 976 1432 1040 libro

289 1079 329 1144 ad
354 1081 484 1146 morbos
513 1088 546 1146 et
574 1083 809 1148 medicamenta
832 1082 1014 1166 spectantia
1037 1081 1220 1166 fragnrenta
1243 1081 1306 1146 duo
1329 1082 1434 1164 profe·

289 1191 416 1259 rantur:
451 1189 549 1252 immo
579 1212 617 1254 eo
646 1190 718 1272 ipso
746 1189 830 1254 libro
859 1192 1035 1252 tractatam
1064 1211 1134 1252 essa
1161 1188 1350 1252 medicinam
1380 1189 1434 1252 vix

288 1299 398 1376 potest
421 1295 571 1360 dubitari.
612 1297 759 1380 Eamque
782 1319 850 1360 rem
874 1295 1004 1379 gravius
1028 1295 1127 1358 etiam
1152 1295 1305 1359 similium
1330 1295 1434 1359 multi-

289 1401 366 1464 tudo
396 1401 652 1488 fragmentorum
680 1403 864 1488 persuadet,
896 1425 977 1486 quae
1006 1403 1187 1485 composita
1215 1403 1315 1466 habes
1338 1407 1358 1484 ξ
1383 1403 1433 1467 21.

290 1505 334 1570 ut
358 1531 434 1572 usus
458 1513 509 1572 est
523 1493 735 1574 Varronianis
761 1509 859 1572 stiam
874 1507 1018 1572 isidorus
1039 1509 1070 1572 in
1092 1530 1130 1572 aa
1148 1512 1239 1592 parte
1254 1509 1432 1593 Originum,

289 1635 369 1697 quaa
393 1615 545 1679 continuo
570 1616 732 1698 excipiens
757 1615 1004 1680 mathematicas
1024 1601 1211 1699 disciplinas
1235 1606 1285 1679 est
1307 1617 1346 1679 de
1370 1637 1433 1679 me-

288 1719 402 1804 dicina,
425 1720 482 1804 IV,
504 1723 533 1805 8,
555 1723 608 1786 13:
631 1724 815 1804 astructorem
836 1743 906 1786 ocra
931 1722 1030 1786 Varro
1053 1724 1206 1808 appellari
1227 1723 1275 1786 ait
1295 1743 1316 1786 a
1338 1723 1435 1786 colore

289 1828 378 1903 aum
416 1832 449 1890 et
474 1829 527 1909 11,
550 1829 586 1892 4:
617 1834 661 1893 est
687 1831 769 1893 enim
791 1830 863 1910 pila
890 1849 944 1893 aas
966 1849 1131 1893 caaaurrm
1158 1834 1187 1893 ct
1213 1830 1434 1894 medicorum

287 1938 396 2014 aplraa
424 1935 509 2012 turri,
541 1935 575 1997 ia
603 1955 662 2015 quo
683 1936 810 2016 proprie
832 1936 978 2016 ptisanae
1004 1937 1075 2017 fieri
1101 1941 1128 1998 et
1145 1938 1303 2017 piamenta
1326 1937 1434 2018 confici

288 2035 400 2123 (vulgo
424 2037 555 2122 casada
578 2041 680 2105 soant.
723 2041 822 2106 Varro
844 2047 946 2105 arcam
968 2042 1061 2121 refert
1082 2047 1111 2104 ct
1132 2042 1316 2107 Pilumnum
1337 2063 1426 2124 quea-

287 2147 361 2209 dam
384 2147 418 2210 ia
436 2145 537 2210 Italea
557 2146 663 2229 samse,
686 2148 740 2230 qui
757 2148 904 2228 amara
923 2148 1067 2229 praebuit
1088 2155 1204 2213 artem:
1227 2151 1307 2214 erade
1329 2155 1358 2212 et
1379 2148 1434 2212 Pi-

289 2253 391 2316 lumai
412 2253 540 2318 uultures
557 2254 734 2339 pastores.*)
779 2255 818 2319 ab
848 2254 902 2320 lroc
929 2256 1025 2338 iadau
1046 2256 1150 2337 pileum
1173 2261 1201 2319 ct
1218 2249 1289 2337 pila
1311 2256 1435 2319 iuuenta

288 2357 388 2446 (vulg.
403 2361 581 2445 iuventam),
604 2362 714 2444 quous
735 2362 790 2442 sar
806 2362 955 2444 plastica,
978 2365 1007 2426 ct
1028 2382 1065 2425 aa
1087 2363 1152 2427 ciris
1173 2364 1296 2426 nomine
1318 2363 1364 2424 ita
1381 2383 1435 2442 ap

282 2468 410 2549 pellata.
453 2467 655 2552 Quamquam
678 2468 758 2532 haee
781 2489 847 2532 non
870 2467 1103 2531 intercedemus
1128 2489 1213 2554 sanc
1229 2468 1255 2530 si
1280 2467 1351 2551 quis
1375 2467 1435 2532 uli-

290 2575 373 2638 unde
398 2575 543 2640 derirara
567 2577 680 2658 malet,
708 2575 797 2640 velut
825 2597 864 2638 ex
888 2574 980 2638 libris
1005 2574 1044 2636 de
1068 2573 1136 2637 vita
1160 2574 1271 2658 populi
1295 2574 1434 2638 Romani

292 2682 420 2745 collatis
443 2681 552 2747 Nonio
576 2704 606 2766 p.
630 2681 694 2746 528
719 2685 751 2745 ct
775 2679 886 2746 Servio
911 2681 944 2745 in
967 2681 1047 2744 Aen.
1070 2679 1110 2762 X,
1135 2681 1186 2744 76.

814 2881 834 2958 ἕ
861 2878 910 2942 10.

380 3003 407 3065 1.
454 3001 606 3085 Sequitur
634 3005 682 3083 ut,
711 3023 774 3086 qno
803 3001 913 3066 ordine
936 3023 1052 3066 novem
1076 3023 1156 3086 quas
1180 3003 1365 3084 explorasse
1389 3003 1434 3066 vi-

288 3106 400 3171 demur
422 3108 609 3190 disciplinas
624 3107 729 3172 Varro
749 3108 954 3192 disposuerit,
978 3111 1166 3192 quaeratur:
1190 3129 1271 3190 quae
1294 3132 1344 3172 res
1368 3131 1433 3172 non

288 3236 407 3296 paucas
430 3213 530 3278 habet
552 3215 780 3280 dubitationes.
827 3215 874 3279 Ac
902 3215 965 3280 duo
989 3217 1077 3278 certa
1101 3221 1179 3277 sunt
1224 3215 1337 3298 quinto
1360 3217 1432 3279 loeo

252 3344 277 3382 ru
292 3323 465 3384 tractatam
490 3343 560 3386 esse
584 3321 839 3404 arithmeticam,
871 3325 986 3387 octavo
1010 3321 1217 3403 medicinam3
1249 3321 1301 3385 vix
1325 3321 1433 3385 minus

288 3431 410 3492 certum
434 3427 567 3492 tertium
589 3428 659 3511 hoc,
683 3431 719 3492 nt
742 3428 875 3511 primus,
899 3428 1065 3513 secundm,
1088 3428 1205 3492 tertius
1228 3427 1311 3492 liber
1334 3427 1432 3492 dicati

288 3556 359 3598 csse
389 3535 633 3620 grammaticae,
666 3533 868 3618 dialecticae,
900 3533 1079 3602 rhetoricae
1108 3533 1256 3600 credendi
1280 3533 1358 3598 siut:
1394 3533 1433 3597 de

288 3663 352 3725 quo
382 3642 494 3708 ordine
521 3641 561 3706 cf.
585 3645 605 3721 ξ
629 3641 659 3706 3.
705 3639 790 3706 Nam
818 3642 903 3725 qnod
931 3641 1028 3706 Gellii
1051 3641 1095 3724 X,
1121 3643 1136 3704 1
1172 3641 1206 3704 in
1239 3640 1432 3726 quibusdam

287 3749 527 3832 exemplaribus
551 3750 672 3834 legitur
694 3769 732 3813 aa
751 3747 828 3813 libro
842 3747 1092 3830 Disaplinarum
1109 3751 1221 3826 qsmrto
1238 3769 1298 3830 pro
1317 3749 1433 3829 quinto,

288 3855 320 3918 id
349 3878 368 3919 a
396 3857 467 3921 solo
492 3855 659 3940 Stephano
687 3856 850 3946 invectum
874 3877 944 3919 esse
968 3858 1081 3920 contra
1104 3853 1229 3918 codices
1253 3875 1329 3918 mss.
1353 3851 1431 3917 Gro-

286 3963 402 4049 novius
425 3966 572 4026 testatur.
611 3959 733 4037 Quodsi
757 3961 797 4026 ud
819 3962 962 4046 reliquas
981 3965 1203 4045 transgressus
1226 3958 1259 4024 id
1283 3981 1371 4045 agas,
1394 3962 1432 4022 ut

358 4159 383 4224 *)
404 4155 450 4210 Sic
468 4153 637 4210 correximus
656 4155 738 4210 haec:
757 4157 830 4210 wude
848 4160 872 4210 a
887 4155 1011 4223 alcorani
1028 4157 1053 4208 et
1067 4153 1193 4222 pictores,
1212 4152 1316 4208 collato
1335 4149 1431 4204 Servio

286 4243 315 4296 in
335 4245 403 4298 Aen.
422 4243 469 4312 IX,
488 4251 517 4299 4:
548 4243 697 4298 Pilumnus
716 4261 777 4298 vero
792 4244 924 4312 piscandi
941 4243 1074 4308 [maseati
1092 4243 1184 4310 (usum
1203 4241 1329 4309 invenit),
1358 4239 1432 4293 unde

286 4338 310 4384 a
329 4334 516 4401 epularibus
534 4335 641 4389 colitur.
670 4333 704 4386 ab
723 4349 784 4400 apso
802 4333 884 4386 eliam
897 4333 989 4400 pilum
1008 4333 1111 4386 dictam
1129 4336 1174 4386 est.
1194 4363 1230 4370 -
1249 4329 1346 4384 Paullo
1366 4330 1432 4382 autu

282 4423 414 4492 piramidi
430 4423 560 4490 praesu
578 4429 663 4478 artua
682 4439 697 4475 a
716 4421 795 4476 codd.
810 4419 965 4490 recepimus
984 4437 1034 4490 pro
1048 4420 1194 4488 subuaudis
1210 4417 1335 4487 praefuit
1349 4417 1432 4482 cruia,

289 4511 362 4580 quod
381 4527 399 4564 a
416 4509 524 4579 Popmu
543 4511 571 4564 in
589 4510 697 4565 turdum
715 4509 855 4563 mutatum
873 4509 924 4562 est
