3274 5114
282 353 347 422 208
625 379 653 426 c.
676 379 842 428 svnnorm
864 378 1082 440 rnsuovrnnr

480 517 615 586 Simitur
637 521 767 588 Hecura
789 525 881 588 sexte
905 523 1067 590 exclusust
1088 520 1211 586 fabula.

279 640 456 708 Eunuchus
479 644 609 729 quidem
631 646 684 712 bis
706 647 884 732 dei[ncaps]
909 651 983 713 acta
1006 650 1056 713 ast
1079 645 1260 730 meruitque
1283 646 1424 730 pretium

277 753 434 834 quantum
462 751 553 817 nulla
580 755 677 818 antea
700 753 889 838 cuiusquam
912 754 1092 838 comoedia,
1120 757 1194 820 octo
1217 751 1310 817 milia
1331 774 1424 818 num·

277 879 375 922 mum.
420 863 593 944 propterea
620 853 747 925 summa
775 883 902 947 qnoque
929 861 1026 927 titulo
1055 859 1236 926 ascribitur.
1282 881 1299 921 e
1344 881 1361 922 s
1407 881 1424 920 s

277 983 1451 1030 *******************5

237 1083 264 1122 ³0
277 1093 354 1135 nam
377 1071 600 1160 Adelphorum
623 1073 820 1160 principium
842 1073 948 1140 Varro
973 1074 1073 1139 etiarn
1095 1072 1240 1159 praefert
1262 1072 1423 1158 principio

277 1173 456 1244 Menandri.
509 1177 585 1246 Non
618 1180 754 1246 obscura
785 1181 874 1246 fama
906 1183 956 1246 est
988 1179 1135 1246 adiutum
1168 1177 1356 1246 Terentium
1389 1179 1424 1244 in

277 1284 408 1368 scriptis
431 1307 451 1350 a
473 1283 584 1352 Laelio
609 1290 641 1351 et
665 1285 829 1372 Scipione:
861 1308 996 1372 eamque
1019 1287 1089 1373 ipse
1112 1286 1216 1371 auxit,
1246 1307 1423 1372 numquam

277 1391 340 1456 nisi
363 1392 480 1458 leuiter
503 1415 537 1458 se
560 1394 661 1458 tutari
686 1396 832 1478 conatus,
855 1397 892 1459 ut
916 1395 950 1458 in
973 1393 1110 1479 prologo
1134 1391 1370 1477 Adelphorum:

351 1587 511 1658 [Donatus
535 1586 672 1658 epimetro
690 1587 766 1643 vitae
785 1588 846 1642 Ter.
866 1607 892 1644 v.
914 1593 960 1642 11:
991 1587 1113 1657 ‘Hecyra
1131 1603 1214 1658 saepe
1233 1585 1356 1654 exclusa,
1375 1585 1422 1640 nix

277 1677 343 1728 acta
361 1675 424 1730 est'
458 1674 536 1730 ldem
554 1675 640 1745 praet.
660 1675 728 1732 Hac.
748 1695 775 1746 p.
791 1683 843 1730 tut
862 1675 1028 1731 Lindenbr.=
1049 1675 1145 1744 ‘saepe
1163 1675 1275 1732 exclusa
1293 1675 1363 1730 haec
1377 1691 1421 1728 co-

276 1762 407 1816 moedia’
446 1763 525 1819 Adde
544 1781 643 1821 comm.
662 1765 691 1818 in
709 1765 776 1820 Hac.
795 1764 903 1836 prolog.
922 1766 943 1833 1,
963 1771 987 1820 4.
1007 1764 1041 1832 ll,
1060 1771 1084 1820 3.
1105 1771 1129 1819 7.
1152 1771 1192 1819 13.
1212 1771 1255 1822 26.
1274 1771 1317 1820 29.

347 1857 363 1905 2
383 1851 511 1908 Donatus
534 1855 622 1925 praef.
642 1853 710 1910 Eun.
730 1872 757 1925 p.
778 1861 824 1912 96:
856 1855 937 1910 ‘acta
959 1856 1003 1909 est
1025 1855 1106 1908 tanto
1125 1869 1251 1909 successu
1269 1871 1303 1909 ac
1321 1853 1422 1923 plausu

276 1941 361 2009 atque
384 1941 530 2012 suffragio,
554 1946 587 1998 ut
608 1962 702 1999 rursus
725 1945 799 1998 esset
821 1942 938 1998 uendita
955 1944 985 1998 et
1002 1944 1133 2013 ageretur
1149 1943 1253 1998 iterum
1271 1959 1321 2012 pro
1341 1957 1422 2010 noua,

275 2044 382 2100 proque
401 2047 435 2086 ea
453 2031 589 2102 pretinm,
608 2033 683 2101 qnod
701 2031 772 2088 nulli
789 2033 856 2088 ante
873 2031 965 2102 ipsam
982 2030 1095 2086 fabulae
1115 2029 1242 2100 contigit,
1261 2033 1325 2088 octo
1344 2030 1423 2086 milia

275 2117 434 2174 sestertium
449 2124 628 2178 numerarent
640 2121 763 2192 poetae’.
791 2121 868 2176 idern
883 2120 1018 2190 epimetro
1032 2119 1109 2176 vitae
1123 2119 1186 2174 Ter.
1201 2139 1226 2176 v.
1239 2126 1286 2175 10:
1306 2119 1422 2189 ‘magno

274 2222 404 2262 meeeasn
423 2210 452 2264 et
469 2207 560 2279 pretio
579 2207 660 2264 stetit
677 2209 827 2264 Eunuchus
846 2207 962 2264 fabula)

349 2428 363 2475 1
383 2421 501 2477 Simitur
518 2421 691 2478 Rttochcttus.
712 2423 835 2478 sumetur
853 2422 889 2489 A,
908 2421 949 2476 st.
969 2421 1094 2476 elimetur
1108 2419 1143 2476 F.
1163 2421 1318 2474 sumeretur
1332 2419 1422 2476 ΕΘΖ.
1455 2421 1459 2428 ’

276 2523 441 2620 ...enta
483 2565 626 2620 submersu
645 2564 696 2620 on
789 2570 853 2634 pos
870 2564 917 2618 mr
934 2563 1041 2620 rerum
1058 2563 1158 2618 aren
1175 2563 1280 2634 hecyra
1297 2563 1332 2618 n.
1370 2564 1423 2648 rep

275 2653 319 2708 ira
336 2653 372 2710 A.
401 2653 504 2724 hecyra
522 2653 582 2709 OD.
619 2670 720 2724 aecyra
738 2653 775 2707 Ε.
803 2653 899 2710 echira
917 2651 953 2708 F.
980 2653 1096 2710 heehira
1114 2651 1148 2706 G.
1177 2651 1268 2722 Ecyra
1282 2652 1309 2706 Ζ
1378 2670 1423 2708 sx-

276 2742 382 2798 clusast
404 2743 471 2798 duee
488 2741 601 2798 Donato
619 2742 791 2800 Ritsctrctiuo.
819 2759 852 2797 ex
870 2741 914 2798 his
932 2741 1012 2810 libri,
1035 2747 1099 2798 arete
1116 2741 1228 2811 Hecyra
1245 2741 1385 2798 walecote
1403 2760 1422 2796 a

274 2831 383 2890 Bottto.
404 2848 437 2888 ex
454 2831 532 2888 hisce
550 2831 661 2890 Hortus
729 2831 833 2888 tabulis
852 2832 878 2886 G
950 2837 1108 2887 taunucus
1128 2830 1187 2886 OD.
1211 2847 1350 2886 enunecns
1366 2831 1421 2886 Bo.

276 2936 395 2976 ennecus
414 2919 467 2975 Bb.
487 2921 617 2978 Ennohns
637 2922 664 2977 Z
730 2920 886 2992 dei[nceps]
906 2920 1079 2976 Ritseheltue.
1114 2919 1160 2974 die
1178 2919 1350 2977 ABODFG.
1370 2937 1420 2975 ors.

274 3007 338 3063 ΕΖ.
357 3009 392 3064 da
405 3007 541 3081 i[ntegro]
558 3011 616 3079 fuit
629 3011 819 3080 complaceret
873 3009 1047 3080 maernitque
1057 3009 1088 3064 Ε
1140 3008 1238 3080 precii
1248 3009 1283 3064 A.
1298 3009 1422 3081 precium

275 3097 311 3153 F.
329 3097 470 3167 praetium
489 3099 542 3154 01)
607 3097 720 3154 anullo
736 3098 765 3153 Β
832 3099 928 3170 antea]
948 3099 1006 3154 alia
1019 3098 1077 3154 ΕΖ
1142 3096 1276 3168 cuiusque
1295 3097 1380 3152 ABD

275 3186 403 3242 comedia
416 3187 525 3244 ABOD
596 3189 660 3244 octo
673 3186 847 3242 numurus.
873 3185 958 3242 v1111³
979 3191 1004 3242 ct
1022 3187 1055 3240 in
1067 3201 1169 3242 rasura
1182 3187 1231 3258 qui
1243 3187 1303 3242 dem
1315 3187 1351 3240 Β.
1369 3186 1418 3242 Ide

275 3277 339 3330 octo
357 3273 393 3329 A.
411 3274 441 3329 id
460 3277 503 3330 est
520 3277 584 3332 octo
603 3275 640 3342 F,
658 3275 699 3332 at.
718 3277 754 3344 φ’)
773 3277 836 3330 octo
855 3273 888 3329 G.
908 3273 1041 3330 uidelicet
1058 3277 1122 3330 octo
1136 3274 1199 3330 ΕΖ.
1218 3295 1242 3332 a.
1261 3296 1313 3332 v111
1332 3275 1384 3331 01)

274 3361 355 3416 milia
368 3379 483 3416 numum
496 3363 560 3418 ΕΖ.
578 3363 658 3418 milia
671 3379 846 3420 nummorum
860 3362 926 3434 AF,
940 3368 974 3430 st,
987 3363 1044 3418 atsi
1057 3364 1129 3432 quod
1142 3379 1298 3434 numerum,
1317 3363 1350 3421 θ.
1369 3382 1419 3418 nn-

275 3465 382 3504 morum
392 3467 539 3506 numerum
548 3453 595 3507 aed
600 3453 684 3522 prius
695 3452 855 3508 vocobulum
864 3453 896 3506 in
904 3451 1051 3507 roeuroB.
1070 3469 1217 3507 numerum
1228 3453 1257 3508 O.
1273 3470 1419 3508 nnmerum

274 3539 305 3593 D
322 3551 327 3560 ⁴
357 3545 376 3594 4
393 3557 503 3596 summa
515 3556 627 3610 quoqne
641 3541 706 3608 AF,
725 3539 766 3596 St.
781 3557 860 3596 mmo
873 3557 983 3610 quoqne
997 3539 1033 3596 B.
1053 3557 1160 3596 summo
1175 3557 1285 3612 quoqne
1298 3541 1418 3596 DFGZ.

275 3625 453 3700 summoiptl
539 3631 702 3686 asscribitur
719 3632 747 3686 Β
797 3631 943 3686 Lama
964 3631 1086 3700 stprsaoit
1109 3631 1232 3700 Wotfius.
1252 3631 1421 3687 interciditur

273 3721 403 3775 videntur
420 3721 516 3790 quarn
534 3721 567 3776 de
580 3720 682 3776 tabulis
701 3721 737 3775 ab
747 3719 918 3790 Apollodoro
932 3718 1123 3774 etMenandro
1136 3719 1281 3775 translatis
1291 3721 1420 3775 Donatus

270 3809 398 3878 prodidit
411 3810 443 3863 is
455 3811 583 3880 cpteaetro
596 3810 679 3864 huius
692 3809 765 3864 ottae
818 3815 835 3862 6
849 3807 937 3863 eciam
951 3808 979 3861 Β
1032 3806 1139 3877 prefert
1155 3807 1216 3862 ΑΖ.
1235 3809 1343 3879 profert
1355 3808 1419 3864 FO.

274 3897 366 3967 profer
379 3898 407 3951 Β
479 3903 495 3952 't
514 3897 666 3953 menandro
687 3899 715 3966 (o
733 3897 792 3953 eod.
810 3913 883 3951 mun.
903 3911 972 3952 corr.
991 3897 1023 3950 trs
1041 3895 1063 3967 i)
1081 3895 1109 3950 A
1182 3904 1198 3952 8
1217 3897 1284 3953 lelio
1302 3897 1418 3954 BODZ.

443 3999 454 4028 Ι

274 4039 352 4095 L.G
441 4039 551 4112 cipione
569 4041 605 4096 A.
625 4039 749 4112 scipione
768 4041 836 4108 (orti
853 4039 926 4109 qood
945 4037 998 4096 Sci.
1018 4039 1054 4109 G)
1073 4039 1140 4094 lits-t
1157 4041 1250 4096 ceteri:
1281 4040 1418 4112 Scipione,

274 4129 375 4200 quibus
394 4146 457 4184 cnm
475 4127 654 4186 familiariter
671 4129 743 4186 uixit
757 4129 793 4197 Ε,
819 4128 875 4184 Vct.
893 4128 962 4194 (tom
980 4133 1097 4198 o1477)
1115 4146 1129 4185 e
1147 4147 1178 4200 p.
1193 4135 1289 4198 205,7
1344 4147 1417 4184 eam·

274 4235 328 4288 que
346 4218 511 4290 Schopcnus.
538 4234 659 4288 namque
677 4219 712 4275 A.
741 4217 914 4285 eandemque
932 4216 969 4270 F.
992 4219 1166 4288 eundemque
1186 4217 1220 4274 G.
1242 4219 1362 4276 eandem
1379 4235 1418 4274 ec·

274 4308 327 4362 tm'
402 4307 501 4362 hauxit
519 4306 578 4362 01).
602 4305 682 4362 harit
699 4306 754 4378 Bo,
778 4301 839 4360 exit
854 4305 900 4360 Bt
922 4305 1051 4374 (formose
1068 4308 1127 4362 end.
1145 4325 1218 4364 mne.
1238 4313 1328 4378 corn).
1347 4307 1419 4362 uixit

274 4395 305 4450 Ε
366 4413 517 4466 numquam
530 4397 593 4452 AG.
612 4413 756 4466 nunqnam
769 4395 806 4451 F.
825 4411 977 4464 numquam
993 4395 1068 4450 enim
1082 4399 1170 4466 ecurt,
1188 4398 1245 4452 arisi
1257 4398 1331 4468 quod
1348 4415 1417 4452 nun·

275 4501 359 4554 quam
378 4484 473 4552 ODF,
498 4485 589 4541 nanim
608 4486 639 4540 Ε
727 4491 742 4540 9
762 4485 862 4540 leniter
880 4485 936 4538 ΕΖ
1024 4484 1169 4556 satutari]
1188 4484 1309 4540 refutare
1328 4489 1363 4542 A.
1388 4502 1418 4542 se
