<?xml version="1.0" encoding="UTF-8"?>
<!DOCTYPE html PUBLIC "-//W3C//DTD XHTML 1.0 Transitional//EN"
    "http://www.w3.org/TR/xhtml1/DTD/xhtml1-transitional.dtd">
<html xmlns="http://www.w3.org/1999/xhtml" xml:lang="en" lang="en">
 <head>
  <title>
</title>
<meta http-equiv="Content-Type" content="text/html;charset=utf-8" />
  <meta name='ocr-system' content='tesseract 3.04.00' />
  <meta name='ocr-capabilities' content='ocr_page ocr_carea ocr_par ocr_line ocrx_word'/>
</head>
<body>
  <div class='ocr_page' id='page_1' title='image "./fridericiritsch09wachgoog_0281.png"; bbox 0 0 3274 5114; ppageno 0'>
   <div class='ocr_carea' id='block_1_1' title="bbox 286 390 1042 456">
    <p class='ocr_par' dir='ltr' id='par_1_1' title="bbox 286 390 1042 456">
     <span class='ocr_line' id='line_1_1' title="bbox 286 390 1042 456; baseline -0.004 0"><span class='ocrx_word' id='word_1_1' title='bbox 286 390 351 456; x_wconf 81' lang='lat'>256</span> <span class='ocrx_word' id='word_1_2' title='bbox 678 409 713 456; x_wconf 85' lang='lat' dir='ltr'>rn</span> <span class='ocrx_word' id='word_1_3' title='bbox 736 409 849 456; x_wconf 78' lang='lat' dir='ltr'>vmnn</span> <span class='ocrx_word' id='word_1_4' title='bbox 873 407 1042 454; x_wconf 81' lang='lat' dir='ltr'>raneuun</span> 
     </span>
    </p>
   </div>
   <div class='ocr_carea' id='block_1_2' title="bbox 249 549 1507 4573">
    <p class='ocr_par' dir='ltr' id='par_1_2' title="bbox 249 549 1507 4254">
     <span class='ocr_line' id='line_1_2' title="bbox 284 549 1433 635; baseline 0.003 -22"><span class='ocrx_word' id='word_1_5' title='bbox 284 555 454 615; x_wconf 73' lang='lat' dir='ltr'>elnonem</span> <span class='ocrx_word' id='word_1_6' title='bbox 475 551 565 615; x_wconf 68' lang='lat' dir='ltr'>seriel</span> <span class='ocrx_word' id='word_1_7' title='bbox 593 550 643 614; x_wconf 87' lang='lat' dir='ltr'>vel</span> <span class='ocrx_word' id='word_1_8' title='bbox 671 549 782 633; x_wconf 91' lang='lat' dir='ltr'>paullo</span> <span class='ocrx_word' id='word_1_9' title='bbox 810 549 941 635; x_wconf 79' lang='lat' dir='ltr'>longius</span> <span class='ocrx_word' id='word_1_10' title='bbox 971 573 991 616; x_wconf 84' lang='lat' dir='ltr'>a</span> <span class='ocrx_word' id='word_1_11' title='bbox 1017 549 1110 616; x_wconf 89' lang='lat' dir='ltr'>libris</span> <span class='ocrx_word' id='word_1_12' title='bbox 1131 549 1216 630; x_wconf 74' lang='lat' dir='ltr'>fecit.</span> <span class='ocrx_word' id='word_1_13' title='bbox 1244 551 1297 616; x_wconf 80' lang='lat' dir='ltr'>ubi</span> <span class='ocrx_word' id='word_1_14' title='bbox 1320 571 1433 616; x_wconf 81' lang='lat' dir='ltr'>nouem</span> 
     </span>
     <span class='ocr_line' id='line_1_3' title="bbox 373 761 1434 845; baseline 0.001 -17"><span class='ocrx_word' id='word_1_15' title='bbox 373 761 450 845; x_wconf 80' lang='lat' dir='ltr'>Pag.</span> <span class='ocrx_word' id='word_1_16' title='bbox 474 764 532 838; x_wconf 83' lang='lat'>211,</span> <span class='ocrx_word' id='word_1_17' title='bbox 556 763 591 828; x_wconf 84' lang='lat'>10</span> <span class='ocrx_word' id='word_1_18' title='bbox 614 767 812 830; x_wconf 87' lang='lat' dir='ltr'>memoratus</span> <span class='ocrx_word' id='word_1_19' title='bbox 828 762 996 831; x_wconf 75' lang='lat' dir='ltr'><strong><em>Cosconius</em></strong></span> <span class='ocrx_word' id='word_1_20' title='bbox 1018 785 1083 830; x_wconf 83' lang='lat' dir='ltr'>uon</span> <span class='ocrx_word' id='word_1_21' title='bbox 1105 763 1234 830; x_wconf 87' lang='lat' dir='ltr'>videtur</span> <span class='ocrx_word' id='word_1_22' title='bbox 1257 765 1339 830; x_wconf 88' lang='lat' dir='ltr'>alius</span> <span class='ocrx_word' id='word_1_23' title='bbox 1364 786 1434 830; x_wconf 88' lang='lat' dir='ltr'>esse</span> 
     </span>
     <span class='ocr_line' id='line_1_4' title="bbox 285 868 1433 956; baseline 0.001 -21"><span class='ocrx_word' id='word_1_24' title='bbox 285 871 350 936; x_wconf 88' lang='lat' dir='ltr'>nisi</span> <span class='ocrx_word' id='word_1_25' title='bbox 374 871 424 935; x_wconf 92' lang='lat' dir='ltr'>bis</span> <span class='ocrx_word' id='word_1_26' title='bbox 448 868 628 934; x_wconf 85' lang='lat' dir='ltr'>aVarrone</span> <span class='ocrx_word' id='word_1_27' title='bbox 651 869 690 934; x_wconf 91' lang='lat' dir='ltr'>de</span> <span class='ocrx_word' id='word_1_28' title='bbox 714 871 734 935; x_wconf 94' lang='lat' dir='ltr'>l.</span> <span class='ocrx_word' id='word_1_29' title='bbox 753 871 809 935; x_wconf 91' lang='lat' dir='ltr'>lat.</span> <span class='ocrx_word' id='word_1_30' title='bbox 827 871 984 954; x_wconf 88' lang='lat' dir='ltr'>prolatus,</span> <span class='ocrx_word' id='word_1_31' title='bbox 1007 871 1042 935; x_wconf 93' lang='lat' dir='ltr'>in</span> <span class='ocrx_word' id='word_1_32' title='bbox 1060 871 1248 956; x_wconf 75' lang='lat' dir='ltr'>quaestione</span> <span class='ocrx_word' id='word_1_33' title='bbox 1272 891 1433 956; x_wconf 81' lang='lat' dir='ltr'>gramma·</span> 
     </span>
     <span class='ocr_line' id='line_1_5' title="bbox 286 976 1433 1062; baseline 0 -21"><span class='ocrx_word' id='word_1_34' title='bbox 286 977 351 1042; x_wconf 88' lang='lat' dir='ltr'>tica</span> <span class='ocrx_word' id='word_1_35' title='bbox 381 977 422 1042; x_wconf 90' lang='lat' dir='ltr'>ad</span> <span class='ocrx_word' id='word_1_36' title='bbox 453 976 639 1060; x_wconf 78' lang='lat' dir='ltr'><strong>analogiam</strong></span> <span class='ocrx_word' id='word_1_37' title='bbox 670 981 837 1061; x_wconf 75' lang='lat' dir='ltr'>spectante</span> <span class='ocrx_word' id='word_1_38' title='bbox 867 977 923 1042; x_wconf 94' lang='lat' dir='ltr'>lib.</span> <span class='ocrx_word' id='word_1_39' title='bbox 947 995 998 1062; x_wconf 79' lang='lat' dir='ltr'>vr,</span> <span class='ocrx_word' id='word_1_40' title='bbox 1021 977 1073 1062; x_wconf 87' lang='lat'>36,</span> <span class='ocrx_word' id='word_1_41' title='bbox 1105 976 1144 1042; x_wconf 89' lang='lat' dir='ltr'>de</span> <span class='ocrx_word' id='word_1_42' title='bbox 1171 999 1314 1043; x_wconf 59' lang='lat' dir='ltr'>accensius</span> <span class='ocrx_word' id='word_1_43' title='bbox 1341 978 1433 1042; x_wconf 85' lang='lat' dir='ltr'>verbi</span> 
     </span>
     <span class='ocr_line' id='line_1_6' title="bbox 286 1081 1434 1168; baseline 0.002 -22"><span class='ocrx_word' id='word_1_44' title='bbox 286 1082 525 1166; x_wconf 88' lang='lat' dir='ltr'>significatione</span> <span class='ocrx_word' id='word_1_45' title='bbox 549 1101 595 1167; x_wconf 83' lang='lat' dir='ltr'>v1,</span> <span class='ocrx_word' id='word_1_46' title='bbox 609 1084 660 1149; x_wconf 90' lang='lat'>89.</span> <span class='ocrx_word' id='word_1_47' title='bbox 701 1082 746 1148; x_wconf 78' lang='lat' dir='ltr'>nt</span> <span class='ocrx_word' id='word_1_48' title='bbox 769 1085 948 1168; x_wconf 78' lang='lat' dir='ltr'>posteriore</span> <span class='ocrx_word' id='word_1_49' title='bbox 972 1083 1102 1168; x_wconf 91' lang='lat' dir='ltr'>quidem</span> <span class='ocrx_word' id='word_1_50' title='bbox 1125 1085 1197 1150; x_wconf 92' lang='lat' dir='ltr'>loco</span> <span class='ocrx_word' id='word_1_51' title='bbox 1221 1106 1294 1149; x_wconf 86' lang='lat' dir='ltr'>cum</span> <span class='ocrx_word' id='word_1_52' title='bbox 1317 1081 1434 1149; x_wconf 75' lang='lat' dir='ltr'>‘Cosco-</span> 
     </span>
     <span class='ocr_line' id='line_1_7' title="bbox 285 1188 1434 1282; baseline 0 -28"><span class='ocrx_word' id='word_1_53' title='bbox 285 1191 359 1254; x_wconf 82' lang='lat' dir='ltr'>nius</span> <span class='ocrx_word' id='word_1_54' title='bbox 380 1191 415 1254; x_wconf 84' lang='lat' dir='ltr'>in</span> <span class='ocrx_word' id='word_1_55' title='bbox 437 1188 624 1256; x_wconf 77' lang='lat' dir='ltr'>octioncbns’</span> <span class='ocrx_word' id='word_1_56' title='bbox 648 1191 784 1275; x_wconf 87' lang='lat' dir='ltr'>dicatur,</span> <span class='ocrx_word' id='word_1_57' title='bbox 806 1190 939 1256; x_wconf 88' lang='lat' dir='ltr'>fuerunt</span> <span class='ocrx_word' id='word_1_58' title='bbox 961 1190 1018 1274; x_wconf 93' lang='lat' dir='ltr'>qui</span> <span class='ocrx_word' id='word_1_59' title='bbox 1038 1190 1080 1282; x_wconf 81' lang='lat' dir='ltr'>de</span> <span class='ocrx_word' id='word_1_60' title='bbox 1103 1188 1173 1254; x_wconf 90' lang='lat' dir='ltr'>Icto</span> <span class='ocrx_word' id='word_1_61' title='bbox 1196 1191 1304 1274; x_wconf 82' lang='lat' dir='ltr'>potius</span> <span class='ocrx_word' id='word_1_62' title='bbox 1325 1190 1434 1256; x_wconf 76' lang='lat' dir='ltr'>uelde</span> 
     </span>
     <span class='ocr_line' id='line_1_8' title="bbox 287 1295 1434 1380; baseline 0.002 -20"><span class='ocrx_word' id='word_1_63' title='bbox 287 1299 416 1361; x_wconf 89' lang='lat' dir='ltr'>oratore</span> <span class='ocrx_word' id='word_1_64' title='bbox 439 1296 636 1380; x_wconf 75' lang='lat' dir='ltr'>cogitarent:</span> <span class='ocrx_word' id='word_1_65' title='bbox 660 1296 834 1361; x_wconf 89' lang='lat' dir='ltr'>immerito.</span> <span class='ocrx_word' id='word_1_66' title='bbox 879 1295 966 1360; x_wconf 90' lang='lat' dir='ltr'>Nam</span> <span class='ocrx_word' id='word_1_67' title='bbox 989 1295 1044 1360; x_wconf 77' lang='lat' dir='ltr'>‘de</span> <span class='ocrx_word' id='word_1_68' title='bbox 1068 1295 1269 1362; x_wconf 76' lang='lat' dir='ltr'>actionibus&#39;</span> <span class='ocrx_word' id='word_1_69' title='bbox 1293 1298 1434 1362; x_wconf 88' lang='lat' dir='ltr'>scribere</span> 
     </span>
     <span class='ocr_line' id='line_1_9' title="bbox 287 1402 1434 1489; baseline -0.001 -20"><span class='ocrx_word' id='word_1_70' title='bbox 287 1404 518 1489; x_wconf 85' lang='lat' dir='ltr'>grammaticus</span> <span class='ocrx_word' id='word_1_71' title='bbox 542 1402 718 1470; x_wconf 82' lang='lat' dir='ltr'>Cosconius</span> <span class='ocrx_word' id='word_1_72' title='bbox 741 1403 850 1488; x_wconf 92' lang='lat' dir='ltr'>potuit</span> <span class='ocrx_word' id='word_1_73' title='bbox 872 1403 984 1468; x_wconf 91' lang='lat' dir='ltr'>eodem</span> <span class='ocrx_word' id='word_1_74' title='bbox 1008 1407 1105 1488; x_wconf 87' lang='lat' dir='ltr'>atque</span> <span class='ocrx_word' id='word_1_75' title='bbox 1130 1403 1200 1488; x_wconf 90' lang='lat' dir='ltr'>ipse</span> <span class='ocrx_word' id='word_1_76' title='bbox 1215 1402 1320 1468; x_wconf 83' lang='lat' dir='ltr'>Verro</span> <span class='ocrx_word' id='word_1_77' title='bbox 1343 1405 1434 1468; x_wconf 90' lang='lat' dir='ltr'>insti-</span> 
     </span>
     <span class='ocr_line' id='line_1_10' title="bbox 287 1507 1431 1594; baseline 0.001 -20"><span class='ocrx_word' id='word_1_78' title='bbox 287 1514 373 1594; x_wconf 88' lang='lat' dir='ltr'>tuto,</span> <span class='ocrx_word' id='word_1_79' title='bbox 396 1511 495 1576; x_wconf 85' lang='lat' dir='ltr'>euius</span> <span class='ocrx_word' id='word_1_80' title='bbox 519 1509 781 1575; x_wconf 82' lang='lat' dir='ltr'>‘deuotionibus</span> <span class='ocrx_word' id='word_1_81' title='bbox 805 1507 979 1575; x_wconf 88' lang='lat' dir='ltr'>scaenicis&#39;</span> <span class='ocrx_word' id='word_1_82' title='bbox 1002 1509 1105 1574; x_wconf 90' lang='lat' dir='ltr'>libros</span> <span class='ocrx_word' id='word_1_83' title='bbox 1128 1507 1229 1574; x_wconf 86' lang='lat' dir='ltr'>fuisse</span> <span class='ocrx_word' id='word_1_84' title='bbox 1253 1531 1325 1574; x_wconf 87' lang='lat' dir='ltr'>eum</span> <span class='ocrx_word' id='word_1_85' title='bbox 1349 1511 1431 1575; x_wconf 86' lang='lat' dir='ltr'>satis</span> 
     </span>
     <span class='ocr_line' id='line_1_11' title="bbox 286 1615 1431 1701; baseline 0 -21"><span class='ocrx_word' id='word_1_86' title='bbox 286 1619 414 1682; x_wconf 84' lang='lat' dir='ltr'>constet</span> <span class='ocrx_word' id='word_1_87' title='bbox 442 1619 513 1681; x_wconf 89' lang='lat' dir='ltr'>tum</span> <span class='ocrx_word' id='word_1_88' title='bbox 542 1617 691 1701; x_wconf 91' lang='lat' dir='ltr'>pluribus</span> <span class='ocrx_word' id='word_1_89' title='bbox 722 1638 741 1680; x_wconf 87' lang='lat' dir='ltr'>a</span> <span class='ocrx_word' id='word_1_90' title='bbox 771 1615 866 1682; x_wconf 90' lang='lat' dir='ltr'>nobis</span> <span class='ocrx_word' id='word_1_91' title='bbox 896 1615 1099 1700; x_wconf 88' lang='lat' dir='ltr'>disputatum</span> <span class='ocrx_word' id='word_1_92' title='bbox 1129 1620 1179 1680; x_wconf 86' lang='lat' dir='ltr'>est</span> <span class='ocrx_word' id='word_1_93' title='bbox 1200 1615 1305 1680; x_wconf 87' lang='lat' dir='ltr'>Musei</span> <span class='ocrx_word' id='word_1_94' title='bbox 1329 1615 1431 1680; x_wconf 87' lang='lat' dir='ltr'>Rhen.</span> 
     </span>
     <span class='ocr_line' id='line_1_12' title="bbox 285 1721 1432 1808; baseline 0.001 -22"><span class='ocrx_word' id='word_1_95' title='bbox 285 1727 309 1788; x_wconf 83' lang='lat' dir='ltr'>t.</span> <span class='ocrx_word' id='word_1_96' title='bbox 333 1741 369 1788; x_wconf 87' lang='lat' dir='ltr'>vl</span> <span class='ocrx_word' id='word_1_97' title='bbox 392 1746 424 1808; x_wconf 90' lang='lat' dir='ltr'>p.</span> <span class='ocrx_word' id='word_1_98' title='bbox 446 1723 512 1788; x_wconf 80' lang='lat'>516</span> <span class='ocrx_word' id='word_1_99' title='bbox 530 1745 611 1808; x_wconf 89' lang='lat' dir='ltr'>sqq.:</span> <span class='ocrx_word' id='word_1_100' title='bbox 644 1721 683 1786; x_wconf 91' lang='lat' dir='ltr'>de</span> <span class='ocrx_word' id='word_1_101' title='bbox 707 1722 834 1787; x_wconf 91' lang='lat' dir='ltr'>actione</span> <span class='ocrx_word' id='word_1_102' title='bbox 858 1725 967 1787; x_wconf 86' lang='lat' dir='ltr'>autem</span> <span class='ocrx_word' id='word_1_103' title='bbox 990 1721 1161 1806; x_wconf 88' lang='lat' dir='ltr'>Boeotiae,</span> <span class='ocrx_word' id='word_1_104' title='bbox 1189 1722 1279 1787; x_wconf 90' lang='lat' dir='ltr'>cuius</span> <span class='ocrx_word' id='word_1_105' title='bbox 1302 1721 1432 1787; x_wconf 86' lang='lat' dir='ltr'>fabulae</span> 
     </span>
     <span class='ocr_line' id='line_1_13' title="bbox 285 1828 1433 1914; baseline -0.002 -20"><span class='ocrx_word' id='word_1_106' title='bbox 285 1835 495 1896; x_wconf 86' lang='lat' dir='ltr'>controversa</span> <span class='ocrx_word' id='word_1_107' title='bbox 517 1829 609 1914; x_wconf 88' lang='lat' dir='ltr'>origo</span> <span class='ocrx_word' id='word_1_108' title='bbox 633 1833 732 1912; x_wconf 89' lang='lat' dir='ltr'>esset,</span> <span class='ocrx_word' id='word_1_109' title='bbox 755 1829 804 1893; x_wconf 82' lang='lat' dir='ltr'>ita</span> <span class='ocrx_word' id='word_1_110' title='bbox 825 1829 913 1893; x_wconf 89' lang='lat' dir='ltr'>idem</span> <span class='ocrx_word' id='word_1_111' title='bbox 936 1829 1148 1894; x_wconf 88' lang='lat' dir='ltr'>commentari</span> <span class='ocrx_word' id='word_1_112' title='bbox 1172 1828 1292 1912; x_wconf 85' lang='lat' dir='ltr'>potuit,</span> <span class='ocrx_word' id='word_1_113' title='bbox 1315 1831 1352 1892; x_wconf 92' lang='lat' dir='ltr'>ut</span> <span class='ocrx_word' id='word_1_114' title='bbox 1374 1849 1433 1911; x_wconf 89' lang='lat' dir='ltr'>per</span> 
     </span>
     <span class='ocr_line' id='line_1_14' title="bbox 286 1933 1433 2021; baseline -0.002 -21"><span class='ocrx_word' id='word_1_115' title='bbox 286 1937 429 2021; x_wconf 80' lang='lat' dir='ltr'>aliquam</span> <span class='ocrx_word' id='word_1_116' title='bbox 454 1936 664 2000; x_wconf 82' lang='lat' dir='ltr'>occasionem&#39;</span> <span class='ocrx_word' id='word_1_117' title='bbox 680 1957 752 2000; x_wconf 90' lang='lat' dir='ltr'>eum</span> <span class='ocrx_word' id='word_1_118' title='bbox 776 1957 914 2018; x_wconf 87' lang='lat' dir='ltr'>versum,</span> <span class='ocrx_word' id='word_1_119' title='bbox 938 1957 1033 2020; x_wconf 91' lang='lat' dir='ltr'>quem</span> <span class='ocrx_word' id='word_1_120' title='bbox 1053 1939 1091 2000; x_wconf 77' lang='lat' dir='ltr'>dx</span> <span class='ocrx_word' id='word_1_121' title='bbox 1110 1935 1171 2000; x_wconf 93' lang='lat' dir='ltr'>illa</span> <span class='ocrx_word' id='word_1_122' title='bbox 1185 1933 1290 2000; x_wconf 87' lang='lat' dir='ltr'>Varro</span> <span class='ocrx_word' id='word_1_123' title='bbox 1309 1933 1433 2018; x_wconf 84' lang='lat' dir='ltr'>profert</span> 
     </span>
     <span class='ocr_line' id='line_1_15' title="bbox 286 2038 1505 2126; baseline 0.001 -19"><span class='ocrx_word' id='word_1_124' title='bbox 286 2041 357 2107; x_wconf 78' lang='lat' dir='ltr'>‘ubi</span> <span class='ocrx_word' id='word_1_125' title='bbox 376 2043 517 2126; x_wconf 91' lang='lat' dir='ltr'>primum</span> <span class='ocrx_word' id='word_1_126' title='bbox 534 2063 678 2107; x_wconf 67' lang='lat' dir='ltr'>uocemue</span> <span class='ocrx_word' id='word_1_127' title='bbox 696 2043 855 2106; x_wconf 88' lang='lat' dir='ltr'>clamarat</span> <span class='ocrx_word' id='word_1_128' title='bbox 872 2040 1065 2124; x_wconf 89' lang='lat' dir='ltr'>meridiem&#39;,</span> <span class='ocrx_word' id='word_1_129' title='bbox 1087 2041 1357 2125; x_wconf 74' lang='lat' dir='ltr'>interpretaretur</span> <span class='ocrx_word' id='word_1_130' title='bbox 1378 2038 1432 2126; x_wconf 84' lang='lat' dir='ltr'>(cl.</span> <span class='ocrx_word' id='word_1_131' title='bbox 1503 2103 1505 2108; x_wconf 90' lang='lat'>.</span> 
     </span>
     <span class='ocr_line' id='line_1_16' title="bbox 286 2145 1432 2234; baseline -0.003 -20"><span class='ocrx_word' id='word_1_132' title='bbox 286 2150 416 2234; x_wconf 82' lang='lat' dir='ltr'>Parerg.</span> <span class='ocrx_word' id='word_1_133' title='bbox 439 2172 471 2232; x_wconf 91' lang='lat' dir='ltr'>p.</span> <span class='ocrx_word' id='word_1_134' title='bbox 494 2147 582 2232; x_wconf 82' lang='lat'>208).</span> <span class='ocrx_word' id='word_1_135' title='bbox 628 2147 680 2212; x_wconf 83' lang='lat' dir='ltr'>Ad</span> <span class='ocrx_word' id='word_1_136' title='bbox 708 2147 837 2212; x_wconf 89' lang='lat' dir='ltr'>eosdem</span> <span class='ocrx_word' id='word_1_137' title='bbox 864 2147 965 2232; x_wconf 90' lang='lat' dir='ltr'>igitur</span> <span class='ocrx_word' id='word_1_138' title='bbox 993 2145 1191 2212; x_wconf 75' lang='lat' dir='ltr'>‘actionum’</span> <span class='ocrx_word' id='word_1_139' title='bbox 1220 2147 1322 2212; x_wconf 91' lang='lat' dir='ltr'>libros</span> <span class='ocrx_word' id='word_1_140' title='bbox 1346 2147 1432 2212; x_wconf 91' lang='lat' dir='ltr'>haud</span> 
     </span>
     <span class='ocr_line' id='line_1_17' title="bbox 285 2251 1430 2346; baseline -0.002 -26"><span class='ocrx_word' id='word_1_141' title='bbox 285 2257 352 2322; x_wconf 87' lang='lat' dir='ltr'>scio</span> <span class='ocrx_word' id='word_1_142' title='bbox 381 2277 423 2321; x_wconf 85' lang='lat' dir='ltr'>an</span> <span class='ocrx_word' id='word_1_143' title='bbox 451 2277 518 2320; x_wconf 92' lang='lat' dir='ltr'>non</span> <span class='ocrx_word' id='word_1_144' title='bbox 545 2253 748 2320; x_wconf 88' lang='lat' dir='ltr'>incommode</span> <span class='ocrx_word' id='word_1_145' title='bbox 777 2254 875 2318; x_wconf 90' lang='lat' dir='ltr'>etiam</span> <span class='ocrx_word' id='word_1_146' title='bbox 905 2251 1051 2318; x_wconf 85' lang='lat' dir='ltr'>Suetonii</span> <span class='ocrx_word' id='word_1_147' title='bbox 1081 2253 1272 2346; x_wconf 88' lang='lat' dir='ltr'>memoriam</span> <span class='ocrx_word' id='word_1_148' title='bbox 1300 2254 1430 2336; x_wconf 86' lang='lat' dir='ltr'>referas,</span> 
     </span>
     <span class='ocr_line' id='line_1_18' title="bbox 249 2358 1431 2453; baseline -0.003 -26"><span class='ocrx_word' id='word_1_149' title='bbox 249 2391 253 2398; x_wconf 91' lang='lat'>·</span> <span class='ocrx_word' id='word_1_150' title='bbox 285 2383 367 2446; x_wconf 88' lang='lat' dir='ltr'>quae</span> <span class='ocrx_word' id='word_1_151' title='bbox 395 2365 445 2426; x_wconf 91' lang='lat' dir='ltr'>est</span> <span class='ocrx_word' id='word_1_152' title='bbox 473 2360 512 2426; x_wconf 93' lang='lat' dir='ltr'>de</span> <span class='ocrx_word' id='word_1_153' title='bbox 541 2360 661 2453; x_wconf 86' lang='lat' dir='ltr'>fabulis</span> <span class='ocrx_word' id='word_1_154' title='bbox 685 2358 827 2424; x_wconf 87' lang='lat' dir='ltr'>Terentii</span> <span class='ocrx_word' id='word_1_155' title='bbox 855 2382 920 2424; x_wconf 92' lang='lat' dir='ltr'>non</span> <span class='ocrx_word' id='word_1_156' title='bbox 949 2360 1030 2425; x_wconf 88' lang='lat' dir='ltr'>actis</span> <span class='ocrx_word' id='word_1_157' title='bbox 1058 2360 1160 2446; x_wconf 89' lang='lat' dir='ltr'>deque</span> <span class='ocrx_word' id='word_1_158' title='bbox 1190 2364 1293 2426; x_wconf 90' lang='lat' dir='ltr'>morte</span> <span class='ocrx_word' id='word_1_159' title='bbox 1316 2364 1431 2444; x_wconf 87' lang='lat' dir='ltr'>poetae</span> 
     </span>
     <span class='ocr_line' id='line_1_19' title="bbox 285 2464 1432 2550; baseline -0.001 -19"><span class='ocrx_word' id='word_1_160' title='bbox 285 2468 375 2533; x_wconf 91' lang='lat' dir='ltr'>cuius</span> <span class='ocrx_word' id='word_1_161' title='bbox 407 2470 498 2532; x_wconf 83' lang='lat' dir='ltr'>actae</span> <span class='ocrx_word' id='word_1_162' title='bbox 527 2465 657 2532; x_wconf 84' lang='lat' dir='ltr'>fabulae</span> <span class='ocrx_word' id='word_1_163' title='bbox 688 2469 740 2530; x_wconf 88' lang='lat' dir='ltr'>sat</span> <span class='ocrx_word' id='word_1_164' title='bbox 768 2466 895 2550; x_wconf 81' lang='lat' dir='ltr'>largam</span> <span class='ocrx_word' id='word_1_165' title='bbox 923 2464 1111 2549; x_wconf 89' lang='lat' dir='ltr'>disputandi</span> <span class='ocrx_word' id='word_1_166' title='bbox 1140 2466 1311 2531; x_wconf 88' lang='lat' dir='ltr'>materiam</span> <span class='ocrx_word' id='word_1_167' title='bbox 1339 2487 1432 2550; x_wconf 87' lang='lat' dir='ltr'>prue-</span> 
     </span>
     <span class='ocr_line' id='line_1_20' title="bbox 285 2571 1431 2658; baseline 0 -20"><span class='ocrx_word' id='word_1_168' title='bbox 285 2574 439 2656; x_wconf 81' lang='lat' dir='ltr'>buerunt3</span> <span class='ocrx_word' id='word_1_169' title='bbox 472 2593 529 2637; x_wconf 89' lang='lat' dir='ltr'>cur</span> <span class='ocrx_word' id='word_1_170' title='bbox 557 2571 643 2636; x_wconf 91' lang='lat' dir='ltr'>enim</span> <span class='ocrx_word' id='word_1_171' title='bbox 675 2594 695 2636; x_wconf 87' lang='lat' dir='ltr'>a</span> <span class='ocrx_word' id='word_1_172' title='bbox 720 2571 912 2636; x_wconf 88' lang='lat' dir='ltr'>necessariis</span> <span class='ocrx_word' id='word_1_173' title='bbox 936 2572 977 2637; x_wconf 90' lang='lat' dir='ltr'>ad</span> <span class='ocrx_word' id='word_1_174' title='bbox 1000 2575 1139 2657; x_wconf 85' lang='lat' dir='ltr'>cognata</span> <span class='ocrx_word' id='word_1_175' title='bbox 1161 2571 1296 2638; x_wconf 86' lang='lat' dir='ltr'>liberius</span> <span class='ocrx_word' id='word_1_176' title='bbox 1319 2595 1431 2658; x_wconf 84' lang='lat' dir='ltr'>exspa-</span> 
     </span>
     <span class='ocr_line' id='line_1_21' title="bbox 285 2675 1507 2764; baseline 0.001 -20"><span class='ocrx_word' id='word_1_177' title='bbox 285 2681 403 2744; x_wconf 87' lang='lat' dir='ltr'>tiatum</span> <span class='ocrx_word' id='word_1_178' title='bbox 426 2678 603 2764; x_wconf 81' lang='lat' dir='ltr'>negemus?</span> <span class='ocrx_word' id='word_1_179' title='bbox 623 2713 658 2724; x_wconf 86' lang='grc'>-</span> <span class='ocrx_word' id='word_1_180' title='bbox 680 2675 832 2744; x_wconf 85' lang='lat' dir='ltr'>Ceterum</span> <span class='ocrx_word' id='word_1_181' title='bbox 847 2676 1050 2762; x_wconf 83' lang='lat' dir='ltr'>Cosconium,</span> <span class='ocrx_word' id='word_1_182' title='bbox 1064 2678 1226 2763; x_wconf 87' lang='lat' dir='ltr'>Porcium,</span> <span class='ocrx_word' id='word_1_183' title='bbox 1241 2678 1433 2764; x_wconf 86' lang='lat' dir='ltr'>Sedigitum,</span> <span class='ocrx_word' id='word_1_184' title='bbox 1502 2724 1507 2732; x_wconf 87' lang='lat'><strong>·</strong></span> 
     </span>
     <span class='ocr_line' id='line_1_22' title="bbox 284 2783 1431 2870; baseline 0.002 -20"><span class='ocrx_word' id='word_1_185' title='bbox 284 2784 475 2852; x_wconf 88' lang='lat' dir='ltr'>Memmium</span> <span class='ocrx_word' id='word_1_186' title='bbox 503 2789 612 2850; x_wconf 89' lang='lat' dir='ltr'>utrum</span> <span class='ocrx_word' id='word_1_187' title='bbox 640 2783 811 2850; x_wconf 86' lang='lat' dir='ltr'>Suetonius</span> <span class='ocrx_word' id='word_1_188' title='bbox 841 2786 920 2850; x_wconf 89' lang='lat' dir='ltr'>item</span> <span class='ocrx_word' id='word_1_189' title='bbox 948 2789 985 2850; x_wconf 91' lang='lat' dir='ltr'>ut</span> <span class='ocrx_word' id='word_1_190' title='bbox 1011 2785 1187 2870; x_wconf 86' lang='lat' dir='ltr'>Nepotem,</span> <span class='ocrx_word' id='word_1_191' title='bbox 1215 2785 1431 2852; x_wconf 82' lang='lat' dir='ltr'>Fenestellam</span> 
     </span>
     <span class='ocr_line' id='line_1_23' title="bbox 285 2893 1433 2978; baseline 0.003 -22"><span class='ocrx_word' id='word_1_192' title='bbox 285 2893 374 2978; x_wconf 87' lang='lat' dir='ltr'>ipsos</span> <span class='ocrx_word' id='word_1_193' title='bbox 404 2893 553 2960; x_wconf 84' lang='lat' dir='ltr'>manibus</span> <span class='ocrx_word' id='word_1_194' title='bbox 584 2893 734 2958; x_wconf 83' lang='lat' dir='ltr'>tractarit</span> <span class='ocrx_word' id='word_1_195' title='bbox 763 2915 806 2956; x_wconf 88' lang='lat' dir='ltr'>an</span> <span class='ocrx_word' id='word_1_196' title='bbox 837 2915 948 2957; x_wconf 91' lang='lat' dir='ltr'>eorum</span> <span class='ocrx_word' id='word_1_197' title='bbox 979 2893 1168 2959; x_wconf 87' lang='lat' dir='ltr'>testimonia</span> <span class='ocrx_word' id='word_1_198' title='bbox 1197 2893 1269 2958; x_wconf 87' lang='lat' dir='ltr'>aliis</span> <span class='ocrx_word' id='word_1_199' title='bbox 1300 2899 1433 2978; x_wconf 87' lang='lat' dir='ltr'>accepta</span> 
     </span>
     <span class='ocr_line' id='line_1_24' title="bbox 286 2997 1432 3084; baseline 0 -20"><span class='ocrx_word' id='word_1_200' title='bbox 286 3001 420 3084; x_wconf 85' lang='lat' dir='ltr'>referet,</span> <span class='ocrx_word' id='word_1_201' title='bbox 457 2999 551 3064; x_wconf 79' lang='lat' dir='ltr'>ualde</span> <span class='ocrx_word' id='word_1_202' title='bbox 588 3020 683 3082; x_wconf 89' lang='lat' dir='ltr'>posse</span> <span class='ocrx_word' id='word_1_203' title='bbox 717 2997 858 3063; x_wconf 87' lang='lat' dir='ltr'>dubitari</span> <span class='ocrx_word' id='word_1_204' title='bbox 890 2998 994 3065; x_wconf 83' lang='lat' dir='ltr'>video.</span> <span class='ocrx_word' id='word_1_205' title='bbox 1048 2998 1191 3065; x_wconf 87' lang='lat' dir='ltr'>Varroni</span> <span class='ocrx_word' id='word_1_206' title='bbox 1224 3001 1432 3084; x_wconf 89' lang='lat' dir='ltr'>potissimum</span> 
     </span>
     <span class='ocr_line' id='line_1_25' title="bbox 286 3104 1433 3194; baseline -0.001 -23"><span class='ocrx_word' id='word_1_207' title='bbox 286 3105 392 3194; x_wconf 87' lang='lat' dir='ltr'>(cuins</span> <span class='ocrx_word' id='word_1_208' title='bbox 421 3105 516 3171; x_wconf 93' lang='lat' dir='ltr'>modo</span> <span class='ocrx_word' id='word_1_209' title='bbox 547 3105 744 3171; x_wconf 89' lang='lat' dir='ltr'>mentionem</span> <span class='ocrx_word' id='word_1_210' title='bbox 773 3106 934 3170; x_wconf 81' lang='lat' dir='ltr'>faciebam</span> <span class='ocrx_word' id='word_1_211' title='bbox 962 3105 1002 3170; x_wconf 91' lang='lat' dir='ltr'>ad</span> <span class='ocrx_word' id='word_1_212' title='bbox 1030 3127 1060 3188; x_wconf 92' lang='lat' dir='ltr'>p.</span> <span class='ocrx_word' id='word_1_213' title='bbox 1085 3105 1159 3188; x_wconf 87' lang='grc'><strong>211,</strong></span> <span class='ocrx_word' id='word_1_214' title='bbox 1183 3104 1218 3191; x_wconf 82' lang='grc'>2)</span> <span class='ocrx_word' id='word_1_215' title='bbox 1241 3127 1307 3171; x_wconf 90' lang='lat' dir='ltr'>non</span> <span class='ocrx_word' id='word_1_216' title='bbox 1330 3129 1433 3190; x_wconf 88' lang='lat' dir='ltr'>pauca</span> 
     </span>
     <span class='ocr_line' id='line_1_26' title="bbox 286 3211 1432 3298; baseline 0.003 -22"><span class='ocrx_word' id='word_1_217' title='bbox 286 3235 359 3276; x_wconf 89' lang='lat' dir='ltr'>eum</span> <span class='ocrx_word' id='word_1_218' title='bbox 382 3211 498 3276; x_wconf 91' lang='lat' dir='ltr'>debere</span> <span class='ocrx_word' id='word_1_219' title='bbox 521 3213 586 3277; x_wconf 91' lang='lat' dir='ltr'>iam</span> <span class='ocrx_word' id='word_1_220' title='bbox 610 3211 688 3278; x_wconf 92' lang='lat' dir='ltr'>olim</span> <span class='ocrx_word' id='word_1_221' title='bbox 707 3212 890 3296; x_wconf 81' lang='lat' dir='ltr'>suspicatus</span> <span class='ocrx_word' id='word_1_222' title='bbox 909 3233 981 3276; x_wconf 89' lang='lat' dir='ltr'>sum</span> <span class='ocrx_word' id='word_1_223' title='bbox 995 3211 1125 3297; x_wconf 88' lang='lat' dir='ltr'>Parerg.</span> <span class='ocrx_word' id='word_1_224' title='bbox 1140 3235 1171 3296; x_wconf 90' lang='lat' dir='ltr'>p.</span> <span class='ocrx_word' id='word_1_225' title='bbox 1186 3212 1260 3278; x_wconf 81' lang='lat'>244.</span> <span class='ocrx_word' id='word_1_226' title='bbox 1276 3213 1338 3278; x_wconf 77' lang='lat'>621</span> <span class='ocrx_word' id='word_1_227' title='bbox 1350 3235 1432 3298; x_wconf 90' lang='lat' dir='ltr'>sqq.:</span> 
     </span>
     <span class='ocr_line' id='line_1_27' title="bbox 285 3316 1431 3404; baseline 0 -21"><span class='ocrx_word' id='word_1_228' title='bbox 285 3319 376 3384; x_wconf 89' lang='lat' dir='ltr'>cuius</span> <span class='ocrx_word' id='word_1_229' title='bbox 401 3316 456 3382; x_wconf 74' lang='lat' dir='ltr'>‘de</span> <span class='ocrx_word' id='word_1_230' title='bbox 480 3317 602 3402; x_wconf 80' lang='lat' dir='ltr'>poetis&#39;</span> <span class='ocrx_word' id='word_1_231' title='bbox 626 3319 727 3384; x_wconf 83' lang='lat' dir='ltr'>libros</span> <span class='ocrx_word' id='word_1_232' title='bbox 755 3319 933 3403; x_wconf 89' lang='lat' dir='ltr'>permirum</span> <span class='ocrx_word' id='word_1_233' title='bbox 962 3317 1058 3382; x_wconf 80' lang='lat' dir='ltr'>sitsi</span> <span class='ocrx_word' id='word_1_234' title='bbox 1082 3317 1224 3382; x_wconf 88' lang='lat' dir='ltr'>eiusdem</span> <span class='ocrx_word' id='word_1_235' title='bbox 1248 3320 1431 3404; x_wconf 88' lang='lat' dir='ltr'>argumenti</span> 
     </span>
     <span class='ocr_line' id='line_1_28' title="bbox 288 3423 1432 3508; baseline 0 -18"><span class='ocrx_word' id='word_1_236' title='bbox 288 3426 530 3490; x_wconf 89' lang='lat' dir='ltr'>commentariis</span> <span class='ocrx_word' id='word_1_237' title='bbox 559 3426 625 3490; x_wconf 80' lang='lat' dir='ltr'>suis</span> <span class='ocrx_word' id='word_1_238' title='bbox 649 3447 715 3491; x_wconf 91' lang='lat' dir='ltr'>non</span> <span class='ocrx_word' id='word_1_239' title='bbox 738 3425 930 3490; x_wconf 84' lang='lat' dir='ltr'>adhibuerit</span> <span class='ocrx_word' id='word_1_240' title='bbox 977 3423 1180 3508; x_wconf 82' lang='lat' dir='ltr'>Quemquam</span> <span class='ocrx_word' id='word_1_241' title='bbox 1203 3427 1379 3507; x_wconf 88' lang='lat' dir='ltr'>potuerunt</span> <span class='ocrx_word' id='word_1_242' title='bbox 1401 3427 1432 3490; x_wconf 91' lang='lat' dir='ltr'>ei</span> 
     </span>
     <span class='ocr_line' id='line_1_29' title="bbox 287 3530 1431 3617; baseline 0 -20"><span class='ocrx_word' id='word_1_243' title='bbox 287 3533 385 3597; x_wconf 87' lang='lat' dir='ltr'>etiam</span> <span class='ocrx_word' id='word_1_244' title='bbox 409 3532 591 3617; x_wconf 86' lang='lat' dir='ltr'>Imaginum</span> <span class='ocrx_word' id='word_1_245' title='bbox 615 3532 691 3597; x_wconf 91' lang='lat' dir='ltr'>libri</span> <span class='ocrx_word' id='word_1_246' title='bbox 716 3531 812 3598; x_wconf 87' lang='lat' dir='ltr'>alicui</span> <span class='ocrx_word' id='word_1_247' title='bbox 835 3533 908 3596; x_wconf 92' lang='lat' dir='ltr'>usui</span> <span class='ocrx_word' id='word_1_248' title='bbox 932 3553 1012 3596; x_wconf 89' lang='lat' dir='ltr'>esse.</span> <span class='ocrx_word' id='word_1_249' title='bbox 1049 3530 1118 3607; x_wconf 85' lang='lat' dir='ltr'>Quo</span> <span class='ocrx_word' id='word_1_250' title='bbox 1138 3535 1248 3596; x_wconf 86' lang='lat' dir='ltr'>tamen</span> <span class='ocrx_word' id='word_1_251' title='bbox 1271 3553 1337 3596; x_wconf 90' lang='lat' dir='ltr'>uno</span> <span class='ocrx_word' id='word_1_252' title='bbox 1360 3532 1431 3596; x_wconf 90' lang='lat' dir='ltr'>loco</span> 
     </span>
     <span class='ocr_line' id='line_1_30' title="bbox 286 3636 1431 3722; baseline -0.002 -18"><span class='ocrx_word' id='word_1_253' title='bbox 286 3637 444 3705; x_wconf 88' lang='lat' dir='ltr'>Varronis</span> <span class='ocrx_word' id='word_1_254' title='bbox 475 3659 594 3704; x_wconf 89' lang='lat' dir='ltr'>nomen</span> <span class='ocrx_word' id='word_1_255' title='bbox 623 3639 692 3722; x_wconf 87' lang='lat' dir='ltr'>ipse</span> <span class='ocrx_word' id='word_1_256' title='bbox 723 3638 834 3722; x_wconf 88' lang='lat' dir='ltr'>posuit</span> <span class='ocrx_word' id='word_1_257' title='bbox 864 3661 895 3721; x_wconf 88' lang='lat' dir='ltr'>p.</span> <span class='ocrx_word' id='word_1_258' title='bbox 918 3637 998 3722; x_wconf 81' lang='lat'><strong>208,</strong></span> <span class='ocrx_word' id='word_1_259' title='bbox 1022 3637 1052 3720; x_wconf 85' lang='lat'>6,</span> <span class='ocrx_word' id='word_1_260' title='bbox 1081 3636 1128 3700; x_wconf 92' lang='lat' dir='ltr'>ibi</span> <span class='ocrx_word' id='word_1_261' title='bbox 1152 3637 1304 3720; x_wconf 90' lang='lat' dir='ltr'>quoniam</span> <span class='ocrx_word' id='word_1_262' title='bbox 1328 3640 1431 3704; x_wconf 82' lang='lat' dir='ltr'>virtue</span> 
     </span>
     <span class='ocr_line' id='line_1_31' title="bbox 287 3742 1432 3830; baseline -0.002 -20"><span class='ocrx_word' id='word_1_263' title='bbox 287 3744 417 3830; x_wconf 89' lang='lat' dir='ltr'>poetica</span> <span class='ocrx_word' id='word_1_264' title='bbox 434 3743 577 3810; x_wconf 86' lang='lat' dir='ltr'>Terentii</span> <span class='ocrx_word' id='word_1_265' title='bbox 600 3744 771 3827; x_wconf 88' lang='lat' dir='ltr'>indicatur,</span> <span class='ocrx_word' id='word_1_266' title='bbox 794 3743 933 3809; x_wconf 86' lang='lat' dir='ltr'>fortusse</span> <span class='ocrx_word' id='word_1_267' title='bbox 951 3765 1010 3806; x_wconf 88' lang='lat' dir='ltr'>uec</span> <span class='ocrx_word' id='word_1_268' title='bbox 1029 3742 1070 3806; x_wconf 90' lang='lat' dir='ltr'>ab</span> <span class='ocrx_word' id='word_1_269' title='bbox 1089 3743 1154 3807; x_wconf 89' lang='lat' dir='ltr'>illis</span> <span class='ocrx_word' id='word_1_270' title='bbox 1172 3765 1231 3807; x_wconf 90' lang='lat' dir='ltr'>nec</span> <span class='ocrx_word' id='word_1_271' title='bbox 1251 3743 1292 3808; x_wconf 90' lang='lat' dir='ltr'>ab</span> <span class='ocrx_word' id='word_1_272' title='bbox 1310 3743 1363 3808; x_wconf 93' lang='lat' dir='ltr'>his</span> <span class='ocrx_word' id='word_1_273' title='bbox 1383 3750 1432 3809; x_wconf 83' lang='lat' dir='ltr'>est</span> 
     </span>
     <span class='ocr_line' id='line_1_32' title="bbox 286 3847 1430 3934; baseline 0 -20"><span class='ocrx_word' id='word_1_274' title='bbox 286 3849 460 3934; x_wconf 88' lang='lat' dir='ltr'>profectus,</span> <span class='ocrx_word' id='word_1_275' title='bbox 483 3849 539 3914; x_wconf 90' lang='lat' dir='ltr'>sed</span> <span class='ocrx_word' id='word_1_276' title='bbox 562 3849 683 3914; x_wconf 90' lang='lat' dir='ltr'>talibus</span> <span class='ocrx_word' id='word_1_277' title='bbox 706 3849 815 3932; x_wconf 86' lang='lat' dir='ltr'>potius</span> <span class='ocrx_word' id='word_1_278' title='bbox 840 3871 916 3913; x_wconf 91' lang='lat' dir='ltr'>usus</span> <span class='ocrx_word' id='word_1_279' title='bbox 940 3849 1050 3933; x_wconf 88' lang='lat' dir='ltr'>quales</span> <span class='ocrx_word' id='word_1_280' title='bbox 1074 3847 1204 3913; x_wconf 72' lang='lat' dir='ltr'>fuerumt</span> <span class='ocrx_word' id='word_1_281' title='bbox 1227 3847 1283 3913; x_wconf 80' lang='lat' dir='ltr'>‘de</span> <span class='ocrx_word' id='word_1_282' title='bbox 1302 3872 1430 3934; x_wconf 90' lang='lat' dir='ltr'>poema·</span> 
     </span>
     <span class='ocr_line' id='line_1_33' title="bbox 285 3952 1431 4040; baseline 0.001 -20"><span class='ocrx_word' id='word_1_283' title='bbox 285 3954 345 4021; x_wconf 88' lang='lat' dir='ltr'>tis’</span> <span class='ocrx_word' id='word_1_284' title='bbox 374 3955 450 4020; x_wconf 90' lang='lat' dir='ltr'>libri</span> <span class='ocrx_word' id='word_1_285' title='bbox 477 3955 527 4019; x_wconf 89' lang='lat' dir='ltr'>vel</span> <span class='ocrx_word' id='word_1_286' title='bbox 558 3953 613 4018; x_wconf 78' lang='lat' dir='ltr'>‘de</span> <span class='ocrx_word' id='word_1_287' title='bbox 637 3952 925 4038; x_wconf 86' lang='lat' dir='ltr'>descriptionibus’</span> <span class='ocrx_word' id='word_1_288' title='bbox 949 3953 1114 4038; x_wconf 85' lang='lat' dir='ltr'>inscripti:</span> <span class='ocrx_word' id='word_1_289' title='bbox 1146 3955 1185 4020; x_wconf 88' lang='lat' dir='ltr'>de</span> <span class='ocrx_word' id='word_1_290' title='bbox 1209 3955 1325 4040; x_wconf 87' lang='lat' dir='ltr'>quibus</span> <span class='ocrx_word' id='word_1_291' title='bbox 1349 3955 1431 4021; x_wconf 88' lang='lat' dir='ltr'>Mus.</span> 
     </span>
     <span class='ocr_line' id='line_1_34' title="bbox 285 4060 1431 4147; baseline 0 -21"><span class='ocrx_word' id='word_1_292' title='bbox 285 4062 348 4128; x_wconf 89' lang='lat' dir='ltr'>Rb.</span> <span class='ocrx_word' id='word_1_293' title='bbox 371 4063 392 4128; x_wconf 93' lang='lat' dir='ltr'>l.</span> <span class='ocrx_word' id='word_1_294' title='bbox 416 4084 440 4127; x_wconf 92' lang='lat' dir='ltr'>s.</span> <span class='ocrx_word' id='word_1_295' title='bbox 464 4083 488 4125; x_wconf 92' lang='lat' dir='ltr'>s.</span> <span class='ocrx_word' id='word_1_296' title='bbox 511 4060 632 4125; x_wconf 88' lang='lat' dir='ltr'>dictum</span> <span class='ocrx_word' id='word_1_297' title='bbox 656 4063 714 4124; x_wconf 90' lang='lat' dir='ltr'>est.</span> <span class='ocrx_word' id='word_1_298' title='bbox 760 4060 845 4126; x_wconf 90' lang='lat' dir='ltr'>Nam</span> <span class='ocrx_word' id='word_1_299' title='bbox 873 4061 961 4125; x_wconf 88' lang='lat' dir='ltr'>ultra</span> <span class='ocrx_word' id='word_1_300' title='bbox 984 4063 1184 4126; x_wconf 84' lang='lat' dir='ltr'>coniecturas</span> <span class='ocrx_word' id='word_1_301' title='bbox 1208 4082 1326 4147; x_wconf 86' lang='lat' dir='ltr'>easque</span> <span class='ocrx_word' id='word_1_302' title='bbox 1349 4063 1431 4126; x_wconf 89' lang='lat' dir='ltr'>satis</span> 
     </span>
     <span class='ocr_line' id='line_1_35' title="bbox 286 4167 1201 4254; baseline -0.003 -19"><span class='ocrx_word' id='word_1_303' title='bbox 286 4169 446 4254; x_wconf 87' lang='lat' dir='ltr'>ancipites</span> <span class='ocrx_word' id='word_1_304' title='bbox 469 4189 535 4233; x_wconf 91' lang='lat' dir='ltr'>non</span> <span class='ocrx_word' id='word_1_305' title='bbox 558 4167 634 4232; x_wconf 90' lang='lat' dir='ltr'>licet</span> <span class='ocrx_word' id='word_1_306' title='bbox 658 4189 734 4232; x_wconf 87' lang='lat' dir='ltr'>sane</span> <span class='ocrx_word' id='word_1_307' title='bbox 758 4167 792 4231; x_wconf 92' lang='lat' dir='ltr'>in</span> <span class='ocrx_word' id='word_1_308' title='bbox 815 4167 877 4231; x_wconf 92' lang='lat' dir='ltr'>hoc</span> <span class='ocrx_word' id='word_1_309' title='bbox 900 4188 1017 4252; x_wconf 83' lang='lat' dir='ltr'>genere</span> <span class='ocrx_word' id='word_1_310' title='bbox 1041 4169 1201 4253; x_wconf 86' lang='lat' dir='ltr'>progredi.</span> 
     </span>
    </p>

    <p class='ocr_par' dir='ltr' id='par_1_3' title="bbox 286 4274 1431 4573">
     <span class='ocr_line' id='line_1_36' title="bbox 375 4274 1431 4342; baseline 0 -4"><span class='ocrx_word' id='word_1_311' title='bbox 375 4275 500 4340; x_wconf 88' lang='lat' dir='ltr'>Ibidem</span> <span class='ocrx_word' id='word_1_312' title='bbox 533 4274 654 4340; x_wconf 90' lang='lat' dir='ltr'>omisso</span> <span class='ocrx_word' id='word_1_313' title='bbox 687 4295 760 4339; x_wconf 91' lang='lat' dir='ltr'>cum</span> <span class='ocrx_word' id='word_1_314' title='bbox 791 4275 824 4340; x_wconf 76' lang='lat' dir='ltr'><strong><em>A</em></strong></span> <span class='ocrx_word' id='word_1_315' title='bbox 856 4276 956 4339; x_wconf 83' lang='lat' dir='ltr'>verbo</span> <span class='ocrx_word' id='word_1_316' title='bbox 988 4275 1080 4341; x_wconf 87' lang='lat' dir='ltr'>finito</span> <span class='ocrx_word' id='word_1_317' title='bbox 1111 4277 1290 4342; x_wconf 88' lang='lat' dir='ltr'>orationem</span> <span class='ocrx_word' id='word_1_318' title='bbox 1320 4279 1431 4340; x_wconf 83' lang='lat' dir='ltr'>nostro</span> 
     </span>
     <span class='ocr_line' id='line_1_37' title="bbox 286 4379 1429 4466; baseline -0.003 -18"><span class='ocrx_word' id='word_1_319' title='bbox 286 4403 382 4448; x_wconf 88' lang='lat' dir='ltr'>sensu</span> <span class='ocrx_word' id='word_1_320' title='bbox 406 4381 545 4446; x_wconf 89' lang='lat' dir='ltr'>llotbius</span> <span class='ocrx_word' id='word_1_321' title='bbox 569 4403 718 4463; x_wconf 81' lang='lat' dir='ltr'>asperum</span> <span class='ocrx_word' id='word_1_322' title='bbox 741 4385 774 4444; x_wconf 86' lang='lat' dir='ltr'>et</span> <span class='ocrx_word' id='word_1_323' title='bbox 796 4379 939 4446; x_wconf 90' lang='lat' dir='ltr'>hiulcam</span> <span class='ocrx_word' id='word_1_324' title='bbox 963 4381 1041 4446; x_wconf 86' lang='lat' dir='ltr'>fecit</span> <span class='ocrx_word' id='word_1_325' title='bbox 1065 4382 1179 4446; x_wconf 79' lang='lat' dir='ltr'>sorix</span> <span class='ocrx_word' id='word_1_326' title='bbox 1204 4381 1334 4466; x_wconf 89' lang='lat' dir='ltr'>dignam</span> <span class='ocrx_word' id='word_1_327' title='bbox 1355 4379 1429 4446; x_wconf 86' lang='lat' dir='ltr'>Sue·</span> 
     </span>
     <span class='ocr_line' id='line_1_38' title="bbox 286 4485 1430 4573; baseline -0.002 -21"><span class='ocrx_word' id='word_1_328' title='bbox 286 4487 385 4552; x_wconf 84' lang='lat' dir='ltr'>tenio.</span> <span class='ocrx_word' id='word_1_329' title='bbox 425 4485 510 4550; x_wconf 82' lang='lat' dir='ltr'>Fieri</span> <span class='ocrx_word' id='word_1_330' title='bbox 535 4489 644 4569; x_wconf 90' lang='lat' dir='ltr'>potest</span> <span class='ocrx_word' id='word_1_331' title='bbox 667 4507 744 4550; x_wconf 89' lang='lat' dir='ltr'>sane</span> <span class='ocrx_word' id='word_1_332' title='bbox 767 4491 813 4573; x_wconf 84' lang='lat' dir='ltr'>ut,</span> <span class='ocrx_word' id='word_1_333' title='bbox 836 4509 908 4551; x_wconf 91' lang='lat' dir='ltr'>cum</span> <span class='ocrx_word' id='word_1_334' title='bbox 932 4488 1059 4553; x_wconf 91' lang='lat' dir='ltr'>abhoc</span> <span class='ocrx_word' id='word_1_335' title='bbox 1082 4487 1167 4552; x_wconf 87' lang='lat' dir='ltr'>aliud</span> <span class='ocrx_word' id='word_1_336' title='bbox 1189 4487 1321 4554; x_wconf 82' lang='lat' dir='ltr'>verbum</span> <span class='ocrx_word' id='word_1_337' title='bbox 1346 4485 1430 4569; x_wconf 87' lang='lat' dir='ltr'>posi·</span> 
     </span>
    </p>
   </div>
   <div class='ocr_carea' id='block_1_3' title="bbox 0 0 1642 5114">
    <p class='ocr_par' dir='ltr' id='par_1_4' title="bbox 0 0 1642 5114">
     <span class='ocr_line' id='line_1_39' title="bbox 0 0 1642 5114; baseline 0 0"><span class='ocrx_word' id='word_1_338' title='bbox 0 0 1642 5114; x_wconf 95' lang='lat' dir='ltr'> </span> 
     </span>
    </p>
   </div>
  </div>
 </body>
</html>
