<?xml version="1.0" encoding="UTF-8"?>
<!DOCTYPE html PUBLIC "-//W3C//DTD XHTML 1.0 Transitional//EN"
    "http://www.w3.org/TR/xhtml1/DTD/xhtml1-transitional.dtd">
<html xmlns="http://www.w3.org/1999/xhtml" xml:lang="en" lang="en">
 <head>
  <title>
</title>
<meta http-equiv="Content-Type" content="text/html;charset=utf-8" />
  <meta name='ocr-system' content='tesseract 3.04.00' />
  <meta name='ocr-capabilities' content='ocr_page ocr_carea ocr_par ocr_line ocrx_word'/>
</head>
<body>
  <div class='ocr_page' id='page_1' title='image "./fridericiritsch09wachgoog_0349.png"; bbox 0 0 3294 5104; ppageno 0'>
   <div class='ocr_carea' id='block_1_1' title="bbox 284 357 1155 435">
    <p class='ocr_par' dir='ltr' id='par_1_1' title="bbox 284 357 1155 435">
     <span class='ocr_line' id='line_1_1' title="bbox 284 357 1155 435; baseline 0 -13"><span class='ocrx_word' id='word_1_1' title='bbox 284 357 350 422; x_wconf 78' lang='lat'>324</span> <span class='ocrx_word' id='word_1_2' title='bbox 556 373 797 435; x_wconf 77' lang='lat' dir='ltr'>Qvnnsrronas</span> <span class='ocrx_word' id='word_1_3' title='bbox 822 373 1155 423; x_wconf 79' lang='lat' dir='ltr'>onousronoercnn.</span> 
     </span>
    </p>
   </div>
   <div class='ocr_carea' id='block_1_2' title="bbox 284 515 1433 4550">
    <p class='ocr_par' dir='ltr' id='par_1_2' title="bbox 328 515 1430 797">
     <span class='ocr_line' id='line_1_2' title="bbox 328 515 1430 594; baseline 0 -14"><span class='ocrx_word' id='word_1_4' title='bbox 328 521 402 581; x_wconf 89' lang='lat' dir='ltr'>tura</span> <span class='ocrx_word' id='word_1_5' title='bbox 432 518 594 582; x_wconf 77' lang='lat' dir='ltr'>micaenas</span> <span class='ocrx_word' id='word_1_6' title='bbox 625 522 654 581; x_wconf 83' lang='lat' dir='ltr'>ct</span> <span class='ocrx_word' id='word_1_7' title='bbox 685 519 703 582; x_wconf 90' lang='lat' dir='ltr'>l.</span> <span class='ocrx_word' id='word_1_8' title='bbox 736 517 880 582; x_wconf 77' lang='lat' dir='ltr'><strong>restituit</strong></span> <span class='ocrx_word' id='word_1_9' title='bbox 907 515 1068 582; x_wconf 79' lang='lat' dir='ltr'><strong>Valesius.</strong></span> <span class='ocrx_word' id='word_1_10' title='bbox 1118 517 1181 594; x_wconf 84' lang='lat' dir='ltr'>Qui</span> <span class='ocrx_word' id='word_1_11' title='bbox 1214 521 1324 583; x_wconf 89' lang='lat' dir='ltr'>tamen</span> <span class='ocrx_word' id='word_1_12' title='bbox 1357 539 1430 582; x_wconf 92' lang='lat' dir='ltr'>cum</span> 
     </span>
     <span class='ocr_line' id='line_1_3' title="bbox 328 623 1430 708; baseline 0.001 -20"><span class='ocrx_word' id='word_1_13' title='bbox 328 645 438 688; x_wconf 85' lang='lat' dir='ltr'>servos</span> <span class='ocrx_word' id='word_1_14' title='bbox 462 623 535 706; x_wconf 86' lang='lat' dir='ltr'>dici,</span> <span class='ocrx_word' id='word_1_15' title='bbox 557 646 624 688; x_wconf 92' lang='lat' dir='ltr'>non</span> <span class='ocrx_word' id='word_1_16' title='bbox 647 643 738 688; x_wconf 88' lang='lat' dir='ltr'>senes</span> <span class='ocrx_word' id='word_1_17' title='bbox 762 624 947 688; x_wconf 88' lang='lat' dir='ltr'>comoediae</span> <span class='ocrx_word' id='word_1_18' title='bbox 967 629 1070 708; x_wconf 89' lang='lat' dir='ltr'>putat,</span> <span class='ocrx_word' id='word_1_19' title='bbox 1093 624 1299 689; x_wconf 87' lang='lat' dir='ltr'>vehementer</span> <span class='ocrx_word' id='word_1_20' title='bbox 1317 645 1430 689; x_wconf 85' lang='lat' dir='ltr'>vercor</span> 
     </span>
     <span class='ocr_line' id='line_1_4' title="bbox 328 729 1227 797; baseline 0.001 -2"><span class='ocrx_word' id='word_1_21' title='bbox 328 735 365 795; x_wconf 92' lang='lat' dir='ltr'>ut</span> <span class='ocrx_word' id='word_1_22' title='bbox 389 753 499 796; x_wconf 86' lang='lat' dir='ltr'>rerum</span> <span class='ocrx_word' id='word_1_23' title='bbox 523 729 648 794; x_wconf 85' lang='lat' dir='ltr'>viderit.</span> <span class='ocrx_word' id='word_1_24' title='bbox 694 729 793 794; x_wconf 82' lang='lat' dir='ltr'><strong>Redit</strong></span> <span class='ocrx_word' id='word_1_25' title='bbox 814 752 933 796; x_wconf 87' lang='lat' dir='ltr'>nomen</span> <span class='ocrx_word' id='word_1_26' title='bbox 955 731 980 796; x_wconf 90' lang='lat' dir='ltr'>l.</span> <span class='ocrx_word' id='word_1_27' title='bbox 1003 731 1041 795; x_wconf 85' lang='lat' dir='ltr'>R.</span> <span class='ocrx_word' id='word_1_28' title='bbox 1064 729 1104 797; x_wconf 89' lang='lat' dir='ltr'>N.</span> <span class='ocrx_word' id='word_1_29' title='bbox 1129 731 1227 796; x_wconf 89' lang='grc'><strong>6196.</strong></span> 
     </span>
    </p>

    <p class='ocr_par' dir='ltr' id='par_1_3' title="bbox 284 835 1429 1030">
     <span class='ocr_line' id='line_1_5' title="bbox 284 835 1429 924; baseline 0 -22"><span class='ocrx_word' id='word_1_30' title='bbox 284 837 553 918; x_wconf 83' lang='grc' dir='ltr'>*Μιλφιδίππη</span> <span class='ocrx_word' id='word_1_31' title='bbox 590 835 853 921; x_wconf 84' lang='lat' dir='ltr'>Milphidippa</span> <span class='ocrx_word' id='word_1_32' title='bbox 884 835 1121 924; x_wconf 75' lang='lat' dir='ltr'>(M1LP1D1PA):</span> <span class='ocrx_word' id='word_1_33' title='bbox 1159 837 1278 902; x_wconf 86' lang='lat' dir='ltr'>aneilla</span> <span class='ocrx_word' id='word_1_34' title='bbox 1314 837 1429 903; x_wconf 85' lang='lat' dir='ltr'>Militis</span> 
     </span>
     <span class='ocr_line' id='line_1_6' title="bbox 329 940 1399 1030; baseline 0.001 -22"><span class='ocrx_word' id='word_1_35' title='bbox 329 944 473 1030; x_wconf 82' lang='lat' dir='ltr'>gloriosi.</span> <span class='ocrx_word' id='word_1_36' title='bbox 520 940 745 1025; x_wconf 84' lang='lat' dir='ltr'>Compositum</span> <span class='ocrx_word' id='word_1_37' title='bbox 768 965 887 1009; x_wconf 88' lang='lat' dir='ltr'>nomen</span> <span class='ocrx_word' id='word_1_38' title='bbox 910 949 1078 1030; x_wconf 85' lang='lat' dir='ltr'>tamquam</span> <span class='ocrx_word' id='word_1_39' title='bbox 1102 968 1121 1010; x_wconf 89' lang='lat' dir='ltr'>a</span> <span class='ocrx_word' id='word_1_40' title='bbox 1144 944 1298 1024; x_wconf 67' lang='lat' dir='ltr'>*Mrlplu</span> <span class='ocrx_word' id='word_1_41' title='bbox 1322 945 1399 1010; x_wconf 77' lang='grc' dir='ltr'><strong>ἰδοε.</strong></span> 
     </span>
    </p>

    <p class='ocr_par' dir='ltr' id='par_1_4' title="bbox 284 1048 1431 1243">
     <span class='ocr_line' id='line_1_7' title="bbox 284 1048 1431 1138; baseline 0 -23"><span class='ocrx_word' id='word_1_42' title='bbox 284 1050 562 1130; x_wconf 81' lang='grc' dir='ltr'>*Μιλφιδίεκοε</span> <span class='ocrx_word' id='word_1_43' title='bbox 589 1048 865 1134; x_wconf 90' lang='lat' dir='ltr'>Milphidiscus</span> <span class='ocrx_word' id='word_1_44' title='bbox 888 1049 1164 1138; x_wconf 56' lang='lat' dir='ltr'>(Mnn’lmscvsp</span> <span class='ocrx_word' id='word_1_45' title='bbox 1192 1051 1329 1116; x_wconf 90' lang='lat' dir='ltr'>Poenuli</span> <span class='ocrx_word' id='word_1_46' title='bbox 1352 1051 1377 1136; x_wconf 90' lang='lat' dir='ltr'>l,</span> <span class='ocrx_word' id='word_1_47' title='bbox 1401 1053 1431 1136; x_wconf 85' lang='lat'>3,</span> 
     </span>
     <span class='ocr_line' id='line_1_8' title="bbox 331 1155 1226 1243; baseline -0.001 -21"><span class='ocrx_word' id='word_1_48' title='bbox 331 1157 382 1241; x_wconf 82' lang='lat'>12,</span> <span class='ocrx_word' id='word_1_49' title='bbox 404 1155 680 1241; x_wconf 87' lang='lat' dir='ltr'>hypocoristioum</span> <span class='ocrx_word' id='word_1_50' title='bbox 704 1157 772 1222; x_wconf 90' lang='lat' dir='ltr'>eius</span> <span class='ocrx_word' id='word_1_51' title='bbox 796 1158 882 1242; x_wconf 92' lang='lat' dir='ltr'>quod</span> <span class='ocrx_word' id='word_1_52' title='bbox 905 1159 1053 1243; x_wconf 87' lang='lat' dir='ltr'>seqnitur</span> <span class='ocrx_word' id='word_1_53' title='bbox 1074 1158 1226 1224; x_wconf 87' lang='lat' dir='ltr'>nominis.</span> 
     </span>
    </p>

    <p class='ocr_par' dir='ltr' id='par_1_5' title="bbox 284 1261 1426 1351">
     <span class='ocr_line' id='line_1_9' title="bbox 284 1261 1426 1351; baseline 0.001 -22"><span class='ocrx_word' id='word_1_54' title='bbox 284 1264 486 1343; x_wconf 82' lang='grc' dir='ltr'>*Μιλφίων</span> <span class='ocrx_word' id='word_1_55' title='bbox 508 1263 674 1348; x_wconf 91' lang='lat' dir='ltr'>Milphio</span> <span class='ocrx_word' id='word_1_56' title='bbox 698 1261 872 1351; x_wconf 81' lang='lat' dir='ltr'>(M1nP10):</span> <span class='ocrx_word' id='word_1_57' title='bbox 902 1287 1012 1331; x_wconf 81' lang='lat' dir='ltr'>servus</span> <span class='ocrx_word' id='word_1_58' title='bbox 1035 1265 1173 1330; x_wconf 88' lang='lat' dir='ltr'>Poenuli</span> <span class='ocrx_word' id='word_1_59' title='bbox 1197 1267 1254 1346; x_wconf 90' lang='lat'>[=-</span> <span class='ocrx_word' id='word_1_60' title='bbox 1274 1263 1426 1346; x_wconf 62' lang='lat' dir='ltr'>Glabrio}</span> 
     </span>
    </p>

    <p class='ocr_par' dir='ltr' id='par_1_6' title="bbox 284 1369 1431 1563">
     <span class='ocr_line' id='line_1_10' title="bbox 284 1369 1431 1457; baseline 0 -21"><span class='ocrx_word' id='word_1_61' title='bbox 284 1370 593 1450; x_wconf 76' lang='grc' dir='ltr'>*Μιεαργυρὶδηε</span> <span class='ocrx_word' id='word_1_62' title='bbox 630 1369 912 1456; x_wconf 82' lang='lat' dir='ltr'>Misargyrides</span> <span class='ocrx_word' id='word_1_63' title='bbox 950 1369 1261 1457; x_wconf 59' lang='lat' dir='ltr'>(Mrsnnevmnnsh</span> <span class='ocrx_word' id='word_1_64' title='bbox 1303 1371 1431 1436; x_wconf 83' lang='lat' dir='ltr'>danista</span> 
     </span>
     <span class='ocr_line' id='line_1_11' title="bbox 328 1476 1253 1563; baseline -0.002 -19"><span class='ocrx_word' id='word_1_65' title='bbox 328 1478 559 1544; x_wconf 86' lang='lat' dir='ltr'>Mostellariae.</span> <span class='ocrx_word' id='word_1_66' title='bbox 604 1476 654 1543; x_wconf 81' lang='lat' dir='ltr'>Of.</span> <span class='ocrx_word' id='word_1_67' title='bbox 676 1477 842 1543; x_wconf 84' lang='lat' dir='ltr'>Donatum</span> <span class='ocrx_word' id='word_1_68' title='bbox 866 1478 901 1542; x_wconf 92' lang='lat' dir='ltr'>in</span> <span class='ocrx_word' id='word_1_69' title='bbox 924 1477 1099 1562; x_wconf 85' lang='lat' dir='ltr'>Adelphon</span> <span class='ocrx_word' id='word_1_70' title='bbox 1122 1478 1147 1562; x_wconf 96' lang='lat' dir='ltr'>I,</span> <span class='ocrx_word' id='word_1_71' title='bbox 1173 1481 1200 1563; x_wconf 96' lang='lat'>1,</span> <span class='ocrx_word' id='word_1_72' title='bbox 1226 1481 1253 1543; x_wconf 92' lang='lat'>1.</span> 
     </span>
    </p>

    <p class='ocr_par' dir='ltr' id='par_1_7' title="bbox 286 1581 1430 1758">
     <span class='ocr_line' id='line_1_12' title="bbox 286 1581 1430 1671; baseline -0.003 -19"><span class='ocrx_word' id='word_1_73' title='bbox 286 1587 528 1665; x_wconf 78' lang='lat' dir='ltr'>Mrnclloxoc</span> <span class='ocrx_word' id='word_1_74' title='bbox 552 1584 818 1650; x_wconf 89' lang='lat' dir='ltr'>Mnesilochus</span> <span class='ocrx_word' id='word_1_75' title='bbox 842 1581 1115 1671; x_wconf 73' lang='lat' dir='ltr'>(Mnnsmocvs):</span> <span class='ocrx_word' id='word_1_76' title='bbox 1139 1585 1326 1651; x_wconf 80' lang='lat' dir='ltr'>adulescens</span> <span class='ocrx_word' id='word_1_77' title='bbox 1352 1583 1430 1650; x_wconf 92' lang='lat' dir='ltr'>Bac·</span> 
     </span>
     <span class='ocr_line' id='line_1_13' title="bbox 329 1693 468 1758; baseline -0.014 0"><span class='ocrx_word' id='word_1_78' title='bbox 329 1693 468 1758; x_wconf 86' lang='lat' dir='ltr'>chidum.</span> 
     </span>
    </p>

    <p class='ocr_par' dir='ltr' id='par_1_8' title="bbox 284 1796 1431 1885">
     <span class='ocr_line' id='line_1_14' title="bbox 284 1796 1431 1885; baseline 0 -21"><span class='ocrx_word' id='word_1_79' title='bbox 284 1799 453 1879; x_wconf 79' lang='grc' dir='ltr'>*Μοεχίε</span> <span class='ocrx_word' id='word_1_80' title='bbox 473 1799 641 1864; x_wconf 82' lang='lat' dir='ltr'>Moschis</span> <span class='ocrx_word' id='word_1_81' title='bbox 658 1796 831 1885; x_wconf 83' lang='lat' dir='ltr'>(Moscls):</span> <span class='ocrx_word' id='word_1_82' title='bbox 856 1800 1008 1864; x_wconf 82' lang='lat' dir='ltr'>meretrix</span> <span class='ocrx_word' id='word_1_83' title='bbox 1028 1798 1112 1883; x_wconf 88' lang='lat' dir='ltr'>apud</span> <span class='ocrx_word' id='word_1_84' title='bbox 1126 1796 1299 1863; x_wconf 84' lang='lat' dir='ltr'>Afranium</span> <span class='ocrx_word' id='word_1_85' title='bbox 1314 1821 1342 1864; x_wconf 82' lang='lat' dir='ltr'>v.</span> <span class='ocrx_word' id='word_1_86' title='bbox 1360 1797 1431 1864; x_wconf 84' lang='lat'>136.</span> 
     </span>
    </p>

    <p class='ocr_par' dir='ltr' id='par_1_9' title="bbox 286 1903 1432 2098">
     <span class='ocr_line' id='line_1_15' title="bbox 286 1903 1432 1992; baseline -0.003 -20"><span class='ocrx_word' id='word_1_87' title='bbox 286 1907 439 1986; x_wconf 78' lang='grc' dir='ltr'>Μόεχοε</span> <span class='ocrx_word' id='word_1_88' title='bbox 462 1905 644 1970; x_wconf 81' lang='lat' dir='ltr'>Moschus</span> <span class='ocrx_word' id='word_1_89' title='bbox 668 1903 853 1992; x_wconf 82' lang='lat' dir='ltr'>(Moscvs):</span> <span class='ocrx_word' id='word_1_90' title='bbox 881 1909 991 1991; x_wconf 86' lang='lat' dir='ltr'>pater,</span> <span class='ocrx_word' id='word_1_91' title='bbox 1013 1905 1297 1971; x_wconf 85' lang='lat' dir='ltr'>Menaechmornm</span> <span class='ocrx_word' id='word_1_92' title='bbox 1320 1904 1379 1989; x_wconf 94' lang='lat' dir='ltr'>Ill,</span> <span class='ocrx_word' id='word_1_93' title='bbox 1402 1905 1432 1986; x_wconf 89' lang='lat'>3,</span> 
     </span>
     <span class='ocr_line' id='line_1_16' title="bbox 331 2009 1228 2098; baseline -0.001 -20"><span class='ocrx_word' id='word_1_94' title='bbox 331 2015 372 2078; x_wconf 90' lang='grc'>76</span> <span class='ocrx_word' id='word_1_95' title='bbox 397 2011 500 2098; x_wconf 86' lang='grc'><strong>(400).</strong></span> <span class='ocrx_word' id='word_1_96' title='bbox 523 2012 564 2096; x_wconf 87' lang='lat' dir='ltr'>V,</span> <span class='ocrx_word' id='word_1_97' title='bbox 587 2012 617 2096; x_wconf 86' lang='lat'>9,</span> <span class='ocrx_word' id='word_1_98' title='bbox 643 2012 692 2076; x_wconf 93' lang='grc'>19.</span> <span class='ocrx_word' id='word_1_99' title='bbox 716 2012 767 2075; x_wconf 88' lang='grc'>39.</span> <span class='ocrx_word' id='word_1_100' title='bbox 790 2012 833 2075; x_wconf 91' lang='grc'>49</span> <span class='ocrx_word' id='word_1_101' title='bbox 862 2009 972 2098; x_wconf 90' lang='grc'><strong>(1078.</strong></span> <span class='ocrx_word' id='word_1_102' title='bbox 1000 2013 1093 2077; x_wconf 88' lang='grc'><strong>1098.</strong></span> <span class='ocrx_word' id='word_1_103' title='bbox 1120 2011 1228 2097; x_wconf 85' lang='lat'>1108).</span> 
     </span>
    </p>

    <p class='ocr_par' dir='ltr' id='par_1_10' title="bbox 286 2115 1432 2312">
     <span class='ocr_line' id='line_1_17' title="bbox 286 2115 1432 2204; baseline -0.002 -16"><span class='ocrx_word' id='word_1_104' title='bbox 286 2121 457 2201; x_wconf 87' lang='grc' dir='ltr'>Μυρρίνη</span> <span class='ocrx_word' id='word_1_105' title='bbox 480 2119 684 2204; x_wconf 79' lang='lat' dir='ltr'>Myrrhina</span> <span class='ocrx_word' id='word_1_106' title='bbox 706 2117 880 2182; x_wconf 89' lang='lat' dir='ltr'>Murrina</span> <span class='ocrx_word' id='word_1_107' title='bbox 903 2115 1088 2203; x_wconf 68' lang='lat' dir='ltr'>(Mvsmsp</span> <span class='ocrx_word' id='word_1_108' title='bbox 1113 2123 1263 2186; x_wconf 89' lang='lat' dir='ltr'>matrona</span> <span class='ocrx_word' id='word_1_109' title='bbox 1286 2119 1432 2202; x_wconf 77' lang='lat' dir='ltr'>Casinas,</span> 
     </span>
     <span class='ocr_line' id='line_1_18' title="bbox 330 2223 1187 2312; baseline -0.002 -20"><span class='ocrx_word' id='word_1_110' title='bbox 330 2227 487 2312; x_wconf 86' lang='lat' dir='ltr'>Hecyrae.</span> <span class='ocrx_word' id='word_1_111' title='bbox 533 2225 581 2294; x_wconf 77' lang='lat' dir='ltr'>Of.</span> <span class='ocrx_word' id='word_1_112' title='bbox 606 2227 771 2292; x_wconf 81' lang='lat' dir='ltr'>Donatum</span> <span class='ocrx_word' id='word_1_113' title='bbox 795 2225 835 2289; x_wconf 84' lang='lat' dir='ltr'>ad</span> <span class='ocrx_word' id='word_1_114' title='bbox 859 2223 1033 2308; x_wconf 86' lang='lat' dir='ltr'>Adelphon</span> <span class='ocrx_word' id='word_1_115' title='bbox 1056 2223 1080 2308; x_wconf 90' lang='lat' dir='ltr'>I,</span> <span class='ocrx_word' id='word_1_116' title='bbox 1107 2229 1134 2308; x_wconf 91' lang='lat' dir='ltr'>l,</span> <span class='ocrx_word' id='word_1_117' title='bbox 1161 2227 1187 2290; x_wconf 92' lang='lat'>1.</span> 
     </span>
    </p>

    <p class='ocr_par' dir='ltr' id='par_1_11' title="bbox 286 2329 1432 2524">
     <span class='ocr_line' id='line_1_19' title="bbox 286 2329 1432 2420; baseline -0.003 -20"><span class='ocrx_word' id='word_1_118' title='bbox 286 2337 404 2400; x_wconf 84' lang='lat' dir='ltr'>Muclc</span> <span class='ocrx_word' id='word_1_119' title='bbox 434 2334 555 2420; x_wconf 89' lang='lat' dir='ltr'>Mysis</span> <span class='ocrx_word' id='word_1_120' title='bbox 587 2329 740 2419; x_wconf 75' lang='lat' dir='ltr'>(Mvms):</span> <span class='ocrx_word' id='word_1_121' title='bbox 771 2331 890 2398; x_wconf 89' lang='lat' dir='ltr'>ancilla</span> <span class='ocrx_word' id='word_1_122' title='bbox 919 2331 1071 2396; x_wconf 84' lang='lat' dir='ltr'>Andriae.</span> <span class='ocrx_word' id='word_1_123' title='bbox 1121 2331 1169 2397; x_wconf 80' lang='lat' dir='ltr'>Of.</span> <span class='ocrx_word' id='word_1_124' title='bbox 1196 2331 1360 2398; x_wconf 86' lang='lat' dir='ltr'>Donatum</span> <span class='ocrx_word' id='word_1_125' title='bbox 1392 2333 1432 2397; x_wconf 88' lang='lat' dir='ltr'>ad</span> 
     </span>
     <span class='ocr_line' id='line_1_20' title="bbox 330 2441 648 2524; baseline -0.006 -18"><span class='ocrx_word' id='word_1_126' title='bbox 330 2442 473 2507; x_wconf 88' lang='lat' dir='ltr'>Andriae</span> <span class='ocrx_word' id='word_1_127' title='bbox 496 2441 520 2523; x_wconf 90' lang='lat' dir='ltr'>l,</span> <span class='ocrx_word' id='word_1_128' title='bbox 544 2441 574 2524; x_wconf 88' lang='lat'>3,</span> <span class='ocrx_word' id='word_1_129' title='bbox 597 2441 648 2505; x_wconf 78' lang='lat'>21.</span> 
     </span>
    </p>

    <p class='ocr_par' dir='ltr' id='par_1_12' title="bbox 285 2546 1432 2950">
     <span class='ocr_line' id='line_1_21' title="bbox 285 2546 1432 2631; baseline -0.001 -18"><span class='ocrx_word' id='word_1_130' title='bbox 285 2546 530 2628; x_wconf 68' lang='grc' dir='ltr'>*(Ναγιδίων</span> <span class='ocrx_word' id='word_1_131' title='bbox 552 2546 735 2631; x_wconf 81' lang='lat' dir='ltr'>Negidio,</span> <span class='ocrx_word' id='word_1_132' title='bbox 760 2551 816 2611; x_wconf 92' lang='lat' dir='ltr'>aut</span> <span class='ocrx_word' id='word_1_133' title='bbox 836 2547 987 2623; x_wconf 85' lang='grc' dir='ltr'>Ναγιδώ</span> <span class='ocrx_word' id='word_1_134' title='bbox 1007 2546 1173 2630; x_wconf 84' lang='lat' dir='ltr'>Nagido:</span> <span class='ocrx_word' id='word_1_135' title='bbox 1197 2546 1432 2612; x_wconf 79' lang='lat' dir='ltr'>incertissimas</span> 
     </span>
     <span class='ocr_line' id='line_1_22' title="bbox 330 2652 1432 2737; baseline 0 -19"><span class='ocrx_word' id='word_1_136' title='bbox 330 2653 505 2718; x_wconf 87' lang='lat' dir='ltr'>memoriae</span> <span class='ocrx_word' id='word_1_137' title='bbox 532 2652 645 2717; x_wconf 81' lang='lat' dir='ltr'>fabula</span> <span class='ocrx_word' id='word_1_138' title='bbox 667 2653 798 2737; x_wconf 85' lang='lat' dir='ltr'>Naevii,</span> <span class='ocrx_word' id='word_1_139' title='bbox 827 2652 868 2718; x_wconf 88' lang='lat' dir='ltr'>ab</span> <span class='ocrx_word' id='word_1_140' title='bbox 892 2653 1033 2717; x_wconf 91' lang='lat' dir='ltr'>hominis</span> <span class='ocrx_word' id='word_1_141' title='bbox 1057 2654 1108 2718; x_wconf 85' lang='lat' dir='ltr'>rel</span> <span class='ocrx_word' id='word_1_142' title='bbox 1132 2653 1277 2717; x_wconf 89' lang='lat' dir='ltr'>mulieris</span> <span class='ocrx_word' id='word_1_143' title='bbox 1301 2655 1432 2718; x_wconf 90' lang='lat' dir='ltr'>nomine</span> 
     </span>
     <span class='ocr_line' id='line_1_23' title="bbox 331 2757 1432 2845; baseline 0 -21"><span class='ocrx_word' id='word_1_144' title='bbox 331 2761 490 2845; x_wconf 89' lang='lat' dir='ltr'>inscripta</span> <span class='ocrx_word' id='word_1_145' title='bbox 512 2759 551 2824; x_wconf 92' lang='lat' dir='ltr'>de</span> <span class='ocrx_word' id='word_1_146' title='bbox 569 2759 742 2826; x_wconf 86' lang='lat' dir='ltr'>Ribbechii</span> <span class='ocrx_word' id='word_1_147' title='bbox 768 2760 953 2826; x_wconf 86' lang='lat' dir='ltr'>coniectura</span> <span class='ocrx_word' id='word_1_148' title='bbox 972 2757 1061 2824; x_wconf 84' lang='lat' dir='ltr'>Com.</span> <span class='ocrx_word' id='word_1_149' title='bbox 1080 2781 1110 2843; x_wconf 93' lang='lat' dir='ltr'>p.</span> <span class='ocrx_word' id='word_1_150' title='bbox 1132 2761 1185 2823; x_wconf 84' lang='lat'>14:</span> <span class='ocrx_word' id='word_1_151' title='bbox 1209 2761 1299 2824; x_wconf 89' lang='lat' dir='ltr'>cuius</span> <span class='ocrx_word' id='word_1_152' title='bbox 1322 2764 1432 2824; x_wconf 88' lang='lat' dir='ltr'>tamen</span> 
     </span>
     <span class='ocr_line' id='line_1_24' title="bbox 330 2866 1358 2950; baseline 0 -18"><span class='ocrx_word' id='word_1_153' title='bbox 330 2867 472 2933; x_wconf 91' lang='lat' dir='ltr'>nominis</span> <span class='ocrx_word' id='word_1_154' title='bbox 495 2889 627 2949; x_wconf 88' lang='lat' dir='ltr'>prorsus</span> <span class='ocrx_word' id='word_1_155' title='bbox 650 2889 717 2930; x_wconf 89' lang='lat' dir='ltr'>non</span> <span class='ocrx_word' id='word_1_156' title='bbox 740 2866 844 2930; x_wconf 83' lang='lat' dir='ltr'>habeo</span> <span class='ocrx_word' id='word_1_157' title='bbox 869 2889 965 2950; x_wconf 87' lang='lat' dir='ltr'>quam</span> <span class='ocrx_word' id='word_1_158' title='bbox 990 2888 1060 2931; x_wconf 85' lang='lat' dir='ltr'>esse</span> <span class='ocrx_word' id='word_1_159' title='bbox 1084 2866 1220 2950; x_wconf 87' lang='lat' dir='ltr'>stirpem</span> <span class='ocrx_word' id='word_1_160' title='bbox 1244 2866 1358 2932; x_wconf 85' lang='lat' dir='ltr'>dicam.</span> 
     </span>
    </p>

    <p class='ocr_par' dir='ltr' id='par_1_13' title="bbox 287 2971 1432 3163">
     <span class='ocr_line' id='line_1_25' title="bbox 287 2971 1432 3058; baseline -0.004 -19"><span class='ocrx_word' id='word_1_161' title='bbox 287 2973 510 3052; x_wconf 67' lang='grc' dir='ltr'>Ναυκράτης</span> <span class='ocrx_word' id='word_1_162' title='bbox 529 2971 761 3038; x_wconf 87' lang='lat' dir='ltr'>Naucrates:</span> <span class='ocrx_word' id='word_1_163' title='bbox 785 2976 942 3058; x_wconf 82' lang='lat' dir='ltr'>cognatus</span> <span class='ocrx_word' id='word_1_164' title='bbox 960 2973 1164 3056; x_wconf 86' lang='lat' dir='ltr'>Alcumenae,</span> <span class='ocrx_word' id='word_1_165' title='bbox 1183 2971 1432 3055; x_wconf 87' lang='lat' dir='ltr'>Amphitruonis</span> 
     </span>
     <span class='ocr_line' id='line_1_26' title="bbox 331 3077 1026 3163; baseline 0 -21"><span class='ocrx_word' id='word_1_166' title='bbox 331 3079 373 3162; x_wconf 92' lang='lat' dir='ltr'>ll,</span> <span class='ocrx_word' id='word_1_167' title='bbox 397 3081 426 3162; x_wconf 81' lang='lat'>2,</span> <span class='ocrx_word' id='word_1_168' title='bbox 449 3079 513 3143; x_wconf 83' lang='lat'>219</span> <span class='ocrx_word' id='word_1_169' title='bbox 537 3077 632 3163; x_wconf 87' lang='grc'><strong>(849)</strong></span> <span class='ocrx_word' id='word_1_170' title='bbox 656 3083 689 3142; x_wconf 89' lang='lat' dir='ltr'>et</span> <span class='ocrx_word' id='word_1_171' title='bbox 712 3079 863 3161; x_wconf 84' lang='lat' dir='ltr'>deinceps</span> <span class='ocrx_word' id='word_1_172' title='bbox 888 3079 1026 3161; x_wconf 84' lang='lat' dir='ltr'>saepius.</span> 
     </span>
    </p>

    <p class='ocr_par' dir='ltr' id='par_1_14' title="bbox 287 3183 1432 3372">
     <span class='ocr_line' id='line_1_27' title="bbox 287 3183 1432 3264; baseline -0.003 -11"><span class='ocrx_word' id='word_1_173' title='bbox 287 3185 570 3264; x_wconf 77' lang='grc' dir='ltr'>*Ναυειετράτη</span> <span class='ocrx_word' id='word_1_174' title='bbox 606 3185 881 3250; x_wconf 88' lang='lat' dir='ltr'>Nausistrata:</span> <span class='ocrx_word' id='word_1_175' title='bbox 921 3188 1072 3249; x_wconf 89' lang='lat' dir='ltr'>matrona</span> <span class='ocrx_word' id='word_1_176' title='bbox 1107 3183 1324 3252; x_wconf 84' lang='lat' dir='ltr'>Phorrnionis.</span> <span class='ocrx_word' id='word_1_177' title='bbox 1384 3183 1432 3250; x_wconf 79' lang='lat' dir='ltr'>Cf.</span> 
     </span>
     <span class='ocr_line' id='line_1_28' title="bbox 332 3292 673 3372; baseline 0.003 -15"><span class='ocrx_word' id='word_1_178' title='bbox 332 3292 570 3372; x_wconf 79' lang='grc' dir='ltr'>Ναυείετρατοα</span> <span class='ocrx_word' id='word_1_179' title='bbox 669 3347 673 3358; x_wconf 92' lang='grc'><strong>.</strong></span> 
     </span>
    </p>

    <p class='ocr_par' dir='ltr' id='par_1_15' title="bbox 288 3396 1431 3588">
     <span class='ocr_line' id='line_1_29' title="bbox 288 3396 1431 3482; baseline -0.003 -17"><span class='ocrx_word' id='word_1_180' title='bbox 288 3401 432 3478; x_wconf 86' lang='grc' dir='ltr'>Νέαιρα</span> <span class='ocrx_word' id='word_1_181' title='bbox 462 3398 627 3464; x_wconf 87' lang='lat' dir='ltr'>Neaera:</span> <span class='ocrx_word' id='word_1_182' title='bbox 664 3397 774 3464; x_wconf 86' lang='lat' dir='ltr'>fabula</span> <span class='ocrx_word' id='word_1_183' title='bbox 802 3397 918 3462; x_wconf 86' lang='lat' dir='ltr'>Licinii</span> <span class='ocrx_word' id='word_1_184' title='bbox 949 3419 981 3482; x_wconf 91' lang='lat' dir='ltr'>p.</span> <span class='ocrx_word' id='word_1_185' title='bbox 1008 3397 1051 3462; x_wconf 80' lang='lat'>29</span> <span class='ocrx_word' id='word_1_186' title='bbox 1079 3396 1190 3482; x_wconf 88' lang='lat' dir='ltr'>Ribb.;</span> <span class='ocrx_word' id='word_1_187' title='bbox 1220 3435 1263 3445; x_wconf 90' lang='lat'>--</span> <span class='ocrx_word' id='word_1_188' title='bbox 1290 3399 1369 3463; x_wconf 88' lang='lat' dir='ltr'>item</span> <span class='ocrx_word' id='word_1_189' title='bbox 1398 3399 1431 3462; x_wconf 92' lang='lat' dir='ltr'>in</span> 
     </span>
     <span class='ocr_line' id='line_1_30' title="bbox 330 3505 770 3588; baseline -0.002 -18"><span class='ocrx_word' id='word_1_190' title='bbox 330 3506 516 3588; x_wconf 85' lang='lat' dir='ltr'>fragmento</span> <span class='ocrx_word' id='word_1_191' title='bbox 540 3506 608 3569; x_wconf 88' lang='lat' dir='ltr'>eius</span> <span class='ocrx_word' id='word_1_192' title='bbox 631 3505 770 3570; x_wconf 86' lang='lat' dir='ltr'>fabulae.</span> 
     </span>
    </p>

    <p class='ocr_par' dir='ltr' id='par_1_16' title="bbox 288 3609 1432 3910">
     <span class='ocr_line' id='line_1_31' title="bbox 288 3609 1431 3678; baseline -0.002 0"><span class='ocrx_word' id='word_1_193' title='bbox 288 3613 506 3678; x_wconf 81' lang='lat' dir='ltr'>Nrructurv</span> <span class='ocrx_word' id='word_1_194' title='bbox 537 3609 715 3677; x_wconf 87' lang='lat' dir='ltr'>Nicasio:</span> <span class='ocrx_word' id='word_1_195' title='bbox 751 3611 865 3677; x_wconf 88' lang='lat' dir='ltr'>fabula</span> <span class='ocrx_word' id='word_1_196' title='bbox 898 3609 1032 3677; x_wconf 80' lang='lat' dir='ltr'>Caecilii</span> <span class='ocrx_word' id='word_1_197' title='bbox 1065 3611 1187 3678; x_wconf 82' lang='lat' dir='ltr'>Notlurs</span> <span class='ocrx_word' id='word_1_198' title='bbox 1219 3612 1347 3676; x_wconf 81' lang='lat' dir='ltr'>lllr&#39;casio</span> <span class='ocrx_word' id='word_1_199' title='bbox 1384 3612 1431 3676; x_wconf 91' lang='lat' dir='ltr'>in·</span> 
     </span>
     <span class='ocr_line' id='line_1_32' title="bbox 331 3717 1432 3803; baseline -0.003 -19"><span class='ocrx_word' id='word_1_200' title='bbox 331 3719 453 3802; x_wconf 90' lang='lat' dir='ltr'>scripta</span> <span class='ocrx_word' id='word_1_201' title='bbox 482 3717 569 3782; x_wconf 86' lang='lat' dir='ltr'>haud</span> <span class='ocrx_word' id='word_1_202' title='bbox 598 3718 694 3783; x_wconf 90' lang='lat' dir='ltr'>dubie</span> <span class='ocrx_word' id='word_1_203' title='bbox 725 3719 766 3784; x_wconf 86' lang='lat' dir='ltr'>ab</span> <span class='ocrx_word' id='word_1_204' title='bbox 795 3719 1008 3784; x_wconf 88' lang='lat' dir='ltr'>adulescentis</span> <span class='ocrx_word' id='word_1_205' title='bbox 1031 3719 1174 3784; x_wconf 87' lang='lat' dir='ltr'>nomine:</span> <span class='ocrx_word' id='word_1_206' title='bbox 1207 3719 1246 3783; x_wconf 91' lang='lat' dir='ltr'>de</span> <span class='ocrx_word' id='word_1_207' title='bbox 1274 3741 1338 3803; x_wconf 87' lang='lat' dir='ltr'>qua</span> <span class='ocrx_word' id='word_1_208' title='bbox 1365 3718 1432 3782; x_wconf 87' lang='lat' dir='ltr'>dixi</span> 
     </span>
     <span class='ocr_line' id='line_1_33' title="bbox 330 3824 850 3910; baseline 0.004 -22"><span class='ocrx_word' id='word_1_209' title='bbox 330 3824 495 3909; x_wconf 81' lang='lat' dir='ltr'>Parergon</span> <span class='ocrx_word' id='word_1_210' title='bbox 518 3831 541 3891; x_wconf 88' lang='lat' dir='ltr'>t.</span> <span class='ocrx_word' id='word_1_211' title='bbox 564 3825 580 3889; x_wconf 95' lang='lat' dir='ltr'>l</span> <span class='ocrx_word' id='word_1_212' title='bbox 602 3826 702 3909; x_wconf 86' lang='lat' dir='ltr'>praef.</span> <span class='ocrx_word' id='word_1_213' title='bbox 726 3849 757 3910; x_wconf 93' lang='lat' dir='ltr'>p.</span> <span class='ocrx_word' id='word_1_214' title='bbox 780 3826 850 3890; x_wconf 90' lang='lat' dir='ltr'>XV.</span> 
     </span>
    </p>

    <p class='ocr_par' dir='ltr' id='par_1_17' title="bbox 289 3929 1433 4550">
     <span class='ocr_line' id='line_1_34' title="bbox 289 3929 1432 4016; baseline -0.003 -18"><span class='ocrx_word' id='word_1_215' title='bbox 289 3934 505 4010; x_wconf 70' lang='grc' dir='ltr'>Νικήρατος</span> <span class='ocrx_word' id='word_1_216' title='bbox 528 3931 753 3997; x_wconf 89' lang='lat' dir='ltr'>Niceratus:</span> <span class='ocrx_word' id='word_1_217' title='bbox 782 3932 979 4015; x_wconf 87' lang='lat' dir='ltr'>adulescens,</span> <span class='ocrx_word' id='word_1_218' title='bbox 1005 3931 1147 3996; x_wconf 85' lang='lat' dir='ltr'>Andriae</span> <span class='ocrx_word' id='word_1_219' title='bbox 1170 3953 1264 3998; x_wconf 83' lang='lat' dir='ltr'>versu</span> <span class='ocrx_word' id='word_1_220' title='bbox 1287 3929 1313 4016; x_wconf 92' lang='lat' dir='ltr'>I,</span> <span class='ocrx_word' id='word_1_221' title='bbox 1339 3933 1366 4015; x_wconf 93' lang='lat'>1,</span> <span class='ocrx_word' id='word_1_222' title='bbox 1389 3933 1432 3996; x_wconf 91' lang='grc'>60</span> 
     </span>
     <span class='ocr_line' id='line_1_35' title="bbox 330 4035 1432 4124; baseline -0.001 -22"><span class='ocrx_word' id='word_1_223' title='bbox 330 4035 403 4124; x_wconf 89' lang='grc'><strong>(87)</strong></span> <span class='ocrx_word' id='word_1_224' title='bbox 427 4038 472 4103; x_wconf 93' lang='lat' dir='ltr'>sic</span> <span class='ocrx_word' id='word_1_225' title='bbox 495 4037 624 4121; x_wconf 92' lang='lat' dir='ltr'>prodito</span> <span class='ocrx_word' id='word_1_226' title='bbox 648 4038 681 4102; x_wconf 94' lang='lat' dir='ltr'>in</span> <span class='ocrx_word' id='word_1_227' title='bbox 706 4039 797 4104; x_wconf 91' lang='lat' dir='ltr'>libris</span> <span class='ocrx_word' id='word_1_228' title='bbox 820 4059 980 4103; x_wconf 92' lang='lat' dir='ltr'>unacum</span> <span class='ocrx_word' id='word_1_229' title='bbox 1005 4039 1112 4104; x_wconf 88' lang='lat' dir='ltr'>verbis</span> <span class='ocrx_word' id='word_1_230' title='bbox 1132 4039 1309 4123; x_wconf 84' lang='lat' dir='ltr'>contiguis:</span> <span class='ocrx_word' id='word_1_231' title='bbox 1333 4037 1432 4102; x_wconf 81' lang='lat' dir='ltr'>Phoc·</span> 
     </span>
     <span class='ocr_line' id='line_1_36' title="bbox 329 4143 1433 4210; baseline -0.002 0"><span class='ocrx_word' id='word_1_232' title='bbox 329 4146 422 4210; x_wconf 75' lang='lat' dir='ltr'>duem</span> <span class='ocrx_word' id='word_1_233' title='bbox 453 4149 510 4209; x_wconf 84' lang='lat' dir='ltr'>out</span> <span class='ocrx_word' id='word_1_234' title='bbox 536 4143 676 4209; x_wconf 78' lang='lat' dir='ltr'>Cliniam</span> <span class='ocrx_word' id='word_1_235' title='bbox 703 4144 862 4210; x_wconf 71' lang='lat' dir='ltr'>Dicdbaot</span> <span class='ocrx_word' id='word_1_236' title='bbox 891 4149 948 4208; x_wconf 83' lang='lat' dir='ltr'>aut</span> <span class='ocrx_word' id='word_1_237' title='bbox 974 4145 1173 4210; x_wconf 68' lang='lat' dir='ltr'>Niceratum:</span> <span class='ocrx_word' id='word_1_238' title='bbox 1205 4165 1281 4210; x_wconf 81' lang='lat' dir='ltr'>uuor</span> <span class='ocrx_word' id='word_1_239' title='bbox 1311 4143 1346 4207; x_wconf 77' lang='lat' dir='ltr'>lai</span> <span class='ocrx_word' id='word_1_240' title='bbox 1373 4149 1433 4208; x_wconf 82' lang='lat' dir='ltr'>tres</span> 
     </span>
     <span class='ocr_line' id='line_1_37' title="bbox 331 4251 1431 4334; baseline -0.002 -18"><span class='ocrx_word' id='word_1_241' title='bbox 331 4253 396 4316; x_wconf 78' lang='lat' dir='ltr'>lrr‘or</span> <span class='ocrx_word' id='word_1_242' title='bbox 426 4251 521 4318; x_wconf 77' lang='lat' dir='ltr'>sictut</span> <span class='ocrx_word' id='word_1_243' title='bbox 548 4251 715 4316; x_wconf 80' lang='lat' dir='ltr'>Aorddant.</span> <span class='ocrx_word' id='word_1_244' title='bbox 764 4251 906 4334; x_wconf 84' lang='lat' dir='ltr'>Turpcm</span> <span class='ocrx_word' id='word_1_245' title='bbox 936 4251 970 4316; x_wconf 91' lang='lat' dir='ltr'>in</span> <span class='ocrx_word' id='word_1_246' title='bbox 1002 4251 1053 4316; x_wconf 90' lang='lat' dir='ltr'>his</span> <span class='ocrx_word' id='word_1_247' title='bbox 1085 4272 1293 4316; x_wconf 88' lang='lat' dir='ltr'>numerorum</span> <span class='ocrx_word' id='word_1_248' title='bbox 1325 4251 1431 4315; x_wconf 86' lang='lat' dir='ltr'>labem</span> 
     </span>
     <span class='ocr_line' id='line_1_38' title="bbox 330 4357 1432 4440; baseline -0.003 -17"><span class='ocrx_word' id='word_1_249' title='bbox 330 4381 403 4423; x_wconf 91' lang='lat' dir='ltr'>cum</span> <span class='ocrx_word' id='word_1_250' title='bbox 427 4359 593 4426; x_wconf 89' lang='lat' dir='ltr'>Bentleins</span> <span class='ocrx_word' id='word_1_251' title='bbox 617 4359 841 4424; x_wconf 86' lang='lat' dir='ltr'>infelicissimo</span> <span class='ocrx_word' id='word_1_252' title='bbox 865 4361 983 4423; x_wconf 87' lang='lat' dir='ltr'>conatu</span> <span class='ocrx_word' id='word_1_253' title='bbox 1006 4359 1120 4424; x_wconf 89' lang='lat' dir='ltr'>tollere</span> <span class='ocrx_word' id='word_1_254' title='bbox 1144 4357 1331 4440; x_wconf 80' lang='lat' dir='ltr'>studuisset,</span> <span class='ocrx_word' id='word_1_255' title='bbox 1354 4357 1432 4422; x_wconf 88' lang='lat' dir='ltr'>leni-</span> 
     </span>
     <span class='ocr_line' id='line_1_39' title="bbox 332 4463 1433 4550; baseline -0.002 -22"><span class='ocrx_word' id='word_1_256' title='bbox 332 4485 421 4528; x_wconf 88' lang='lat' dir='ltr'>orem</span> <span class='ocrx_word' id='word_1_257' title='bbox 449 4486 584 4550; x_wconf 86' lang='lat' dir='ltr'>eumquc</span> <span class='ocrx_word' id='word_1_258' title='bbox 611 4487 669 4549; x_wconf 88' lang='lat' dir='ltr'>per</span> <span class='ocrx_word' id='word_1_259' title='bbox 698 4487 732 4530; x_wconf 89' lang='lat' dir='ltr'>se</span> <span class='ocrx_word' id='word_1_260' title='bbox 760 4465 839 4530; x_wconf 85' lang='lat' dir='ltr'>satis</span> <span class='ocrx_word' id='word_1_261' title='bbox 868 4465 1070 4530; x_wconf 90' lang='lat' dir='ltr'>commodam</span> <span class='ocrx_word' id='word_1_262' title='bbox 1097 4464 1183 4530; x_wconf 83' lang='lat' dir='ltr'>viam</span> <span class='ocrx_word' id='word_1_263' title='bbox 1206 4463 1433 4528; x_wconf 81' lang='lat' dir='ltr'>Fleckeisenus</span> 
     </span>
    </p>
   </div>
   <div class='ocr_carea' id='block_1_3' title="bbox 0 0 1659 5104">
    <p class='ocr_par' dir='ltr' id='par_1_18' title="bbox 0 0 1659 5104">
     <span class='ocr_line' id='line_1_40' title="bbox 0 0 1659 5104; baseline 0 0"><span class='ocrx_word' id='word_1_264' title='bbox 0 0 1659 5104; x_wconf 95' lang='lat' dir='ltr'> </span> 
     </span>
    </p>
   </div>
  </div>
 </body>
</html>
