3302 5106
601 417 875 468 orscrrnrusnvn
898 419 1024 467 nrssrs.
1320 399 1383 464 381

238 564 327 629 tione
356 562 454 628 etiam
478 564 601 628 ceteras
625 561 760 646 formas,
789 585 871 648 quae
895 562 1113 649 singularibus
1137 559 1262 624 artibus
1286 561 1385 624 mate·

237 670 319 734 riam
340 669 568 755 praebuerunt,
588 669 726 756 singulis
744 670 837 735 libris
853 659 1027 756 separatim
1042 669 1241 753 explanatas.
1265 666 1383 743 Quales

239 781 316 842 sunt
344 777 544 841 astronomia
568 781 600 842 et
623 778 759 857 musica,
791 799 828 843 eo
853 776 982 862 quidem
1005 776 1085 842 haec
1108 775 1215 860 magis
1239 795 1384 840 seorsum

237 882 420 967 tractanda,
448 882 548 967 quod,
577 906 657 968 quos
681 907 698 948 e
722 884 900 970 geometria
922 883 1011 950 locos
1036 882 1167 968 ascivit,
1194 881 1224 946 ei
1247 903 1288 945 ne
1311 901 1385 946 con·

239 993 406 1054 summunt
435 989 565 1074 quidem
597 989 765 1054 notionem
796 988 951 1072 musicae,
984 987 1040 1052 sed
1068 986 1236 1052 dimidiam
1258 988 1385 1070 partem

238 1096 397 1179 reliquam
415 1095 554 1160 faciunt:
578 1117 654 1160 num
673 1097 861 1175 decoquunt
880 1098 956 1160 sunt
974 1094 1170 1179 rhythmica,
1188 1093 1385 1174 harmonica,

238 1201 381 1286 metrica,
406 1202 522 1285 quibus
546 1202 695 1268 accedere
720 1205 892 1283 πρακτικὴν
914 1205 1045 1287 oportet
1062 1223 1144 1286 quae
1163 1205 1213 1266 est
1230 1201 1386 1284 orpaur'ea.

238 1307 385 1392 Eamque
410 1331 473 1374 una
496 1309 698 1394 complexum
723 1332 793 1375 esse
812 1309 993 1375 Varronem
1017 1330 1088 1373 cum
1112 1329 1163 1372 res
1187 1307 1259 1392 ipsa
1278 1307 1387 1391 arguit

239 1417 309 1479 tum
334 1415 479 1480 trbr'aruur
504 1418 653 1502 exempla
676 1416 791 1482 docent
815 1439 853 1482 ex
871 1416 1039 1482 Marciano
1063 1413 1303 1500 scholiastaque
1321 1411 1386 1477 Ho-

237 1523 363 1588 ratiano
396 1545 496 1607 supra
527 1525 658 1610 prolata
691 1528 711 1606 ξ
740 1527 760 1590 6
791 1529 824 1591 et
852 1526 872 1604 ἓ
900 1525 947 1589 10.
999 1522 1122 1600 Quibus
1152 1522 1219 1586 iam
1249 1520 1384 1585 tertium

170 1627 173 1634 '
236 1628 317 1693 adde
341 1627 445 1695 Servii
468 1629 503 1694 in
526 1629 607 1694 Aen.
631 1630 687 1715 IX,
710 1632 788 1697 618:
811 1637 847 1696 ut
868 1632 951 1696 eninr
980 1630 1079 1696 Varro
1102 1629 1157 1707 ait,
1181 1628 1256 1692 titre
1279 1626 1385 1710 Pny-

232 1736 288 1818 piu
314 1727 422 1800 dextra
448 1756 546 1801 unum
571 1737 714 1818 [aaaron
741 1738 842 1818 habet,
874 1721 1005 1804 sinistra
1027 1738 1101 1820 duo,
1133 1755 1263 1817 quorurn
1277 1754 1385 1798 uuum

236 1847 360 1907 neretum
388 1863 498 1908 sonum
525 1843 625 1928 tata,
655 1845 787 1910 alterurn
807 1866 941 1928 manua.
987 1843 1186 1920 Quibuscum
1209 1841 1318 1906 nescio
1343 1862 1385 1905 an

237 1949 322 2032 apud
353 1950 461 2034 ipsum
489 1948 670 2016 Varronem
704 1951 875 2017 coniuncta
906 1951 1027 2016 fuerint
1059 1971 1141 2035 quae
1174 1947 1384 2034 praecedunt:

237 2057 328 2122 tubiae
355 2063 412 2122 aut
437 2078 589 2123 sarronae
614 2059 772 2143 dicuntur,
800 2081 878 2142 quae
905 2064 979 2124 sunt
1000 2079 1096 2144 pares
1118 2061 1147 2123 et
1168 2059 1308 2141 aequales
1330 2057 1384 2121 lea·

237 2161 306 2226 beat
327 2184 482 2244 mennas,
505 2170 561 2230 aut
578 2164 741 2250 Pbryqiae,
764 2189 841 2250 quae
863 2172 892 2232 et
913 2169 1047 2250 tuqrares
1069 2169 1142 2230 ssent
1164 2169 1193 2230 et
1210 2164 1385 2246 inaequales

236 2268 347 2335 nonen
364 2292 517 2337 euvenus
554 2271 666 2358 Neque
686 2275 875 2358 organicam
890 2273 1033 2338 Isidorus
1048 2273 1082 2337 in
1095 2271 1238 2335 musicae
1257 2291 1384 2334 enarra-

236 2375 324 2440 tione
352 2379 583 2460 praetermisit:
608 2401 802 2464 quamquam
831 2380 914 2443 miro
944 2399 1020 2443 sane
1044 2377 1178 2443 consilio
1201 2376 1383 2460 tripertitae

237 2482 387 2548 divisioni
410 2484 460 2548 illi
484 2507 556 2550 eam
580 2485 816 2569 expositionem
839 2485 958 2550 subicit
981 2505 1007 2550 c.
1024 2484 1063 2549 19
1079 2505 1158 2568 sqq,
1184 2505 1247 2568 qua
1265 2481 1300 2546 in
1318 2504 1383 2547 me-

236 2591 337 2656 tricae
360 2590 466 2658 locum
491 2591 645 2677 organica
668 2591 766 2656 tacite
789 2591 1008 2658 substituitur.

760 2791 781 2869 9
807 2787 856 2853 15·
989 2808 993 2816 '
1396 2825 1421 2867 ss

325 2911 445 2998 Tertia,
468 2911 501 2975 in
525 2935 589 2996 qna
611 2933 819 2976 numerorum
840 2912 959 2997 aliquis
981 2933 1059 2976 usus
1078 2911 1188 2995 fiebat,
1205 2909 1382 2994 disciplina

237 3022 287 3082 est
315 3018 529 3085 rhetorica:
559 3019 594 3083 iu
625 3041 689 3104 que
712 3023 833 3103 quanto
857 3018 964 3085 studio
989 3041 1149 3104 quamque
1173 3017 1285 3084 subtili
1311 3018 1381 3082 dili·

237 3125 348 3210 gentia
377 3125 579 3208 syllabarum
610 3148 779 3192 mensuras
809 3130 932 3191 veteres
960 3125 1109 3210 magistri
1139 3124 1305 3211 exegerint
1328 3147 1381 3208 pe-

236 3231 374 3317 dumque
401 3231 544 3298 rationes
573 3237 606 3298 et
629 3234 825 3317 multiplices
849 3233 1088 3318 complexiones
1111 3233 1320 3317 pensitarint,
1348 3232 1381 3296 in

236 3339 352 3424 vulgus
382 3342 519 3404 constat.
564 3339 679 3424 Itaque
709 3341 748 3404 de
771 3339 833 3406 hoo
857 3361 974 3425 genere
998 3340 1032 3404 in
1054 3338 1217 3404 rhetorica
1239 3339 1382 3405 breviter

236 3445 401 3530 praecepit
423 3443 607 3510 Marcianus
630 3443 662 3508 V
689 3467 719 3529 p.
746 3447 807 3511 168
827 3469 896 3530 sqq.
950 3445 1102 3529 Idemque
1125 3444 1307 3510 Varronem
1335 3445 1381 3509 fe-

236 3551 319 3618 cisse
349 3575 387 3618 ex
411 3551 520 3616 Rufini
550 3551 589 3616 de
618 3551 731 3615 metris
759 3553 924 3616 oratorum
948 3551 1215 3617 commentariolo
1239 3575 1269 3635 p.
1293 3553 1381 3617 2720

236 3657 270 3724 P.
294 3660 358 3725 398
373 3658 411 3726 G.
434 3657 648 3744 intellegitur:
672 3657 768 3723 latim
790 3659 826 3722 de
847 3660 985 3724 numerus
1006 3657 1041 3724 lu'
1063 3655 1306 3746 (scripserunt):
1330 3659 1380 3724 Ci-
1464 3651 1472 3668 '

236 3783 309 3844 cero,
334 3765 516 3852 Vr'etorinus,
539 3765 758 3851 Hieronymus,
783 3765 994 3845 Terentianae,
1019 3765 1127 3849 Varro,
1150 3763 1278 3843 Probus,
1302 3763 1381 3830 Ota-
1465 3843 1472 3848 ,

235 3871 345 3950 risina,
375 3872 550 3953 Dianam,
580 3873 805 3956 ertntitianua
833 3871 992 3953 Donatus,
1018 3871 1152 3940 Sunius.
1197 3869 1236 3935 ln
1263 3871 1380 3956 quibus

239 3973 466 4060 Hieronymum
484 3980 522 4044 de
537 3980 731 4048 Graecorum
752 3980 806 4066 qui
824 3981 1023 4066 praecedunt
1041 3979 1196 4047 societate
1215 3979 1380 4045 sublatum

236 4083 437 4168 reposuimus
470 4085 504 4149 in
536 4087 665 4154 Eusebr'r'
696 4089 811 4154 locum.
865 4085 915 4153 De
947 4088 1091 4154 numeris
1124 4091 1233 4153 autem
1264 4107 1379 4170 prosae

236 4191 391 4256 orationis
415 4191 504 4277 loqui
518 4190 670 4257 Rufinum
687 4195 942 4261 luculentissime
961 4206 1039 4260 cum·
1053 4195 1239 4277 latinorum,
1262 4194 1379 4278 quibus

235 4296 415 4365 Varronem
435 4299 549 4382 iunxit,
572 4301 641 4362 tum
664 4321 854 4384 graecorum
876 4299 1127 4389 (Thrasymacbi,
1151 4299 1294 4384 Gwpiae,
1313 4299 1379 4365 Ise-

234 4408 341 4486 uattr,
371 4405 569 4490 Tlreodectae,
599 4405 804 4489 Theophrasti
831 4406 904 4493 cet.)
935 4408 1068 4473 nomina
1098 4407 1290 4492 scriptorum
1323 4408 1379 4474 do·
1510 4429 1513 4434 ·

237 4518 318 4598 cent,
342 4514 510 4600 omnisque
534 4513 664 4579 omnino
688 4515 821 4580 illorum
845 4513 1017 4580 multitudo
1037 4516 1255 4600 exemplorum
1274 4535 1291 4578 e
1310 4515 1378 4600 plu·
