3288 5100
585 397 662 445 swa
686 397 931 448 uaanousovu
955 395 1059 442 mam.
1328 378 1391 442 547

250 542 329 606 satis
363 541 470 605 valere
502 560 672 624 negamus,
709 543 818 604 tamen
855 538 894 604 de
926 539 973 602 rei
1006 559 1132 602 summa
1168 559 1300 620 prorsus
1334 559 1393 601 nos

250 647 462 712 assentientes
496 645 605 710 habet.
654 645 740 712 Nam
773 666 845 708 cum
879 667 916 708 ex
950 667 1001 727 eo,
1034 644 1119 728 qnod
1151 643 1236 708 idem
1270 641 1393 708 Gellius

250 754 342 838 alibi,
371 775 452 838 quae
477 775 494 816 e
518 753 658 817 secundo
682 773 790 816 rerum
818 751 999 816 divinarum
1027 751 1112 815 libro
1144 751 1288 834 petierit,
1316 751 1395 815 item

250 860 366 924 afferat
388 881 405 923 e
429 859 584 941 secundo,
606 879 672 922 non
696 880 713 922 e
736 859 858 943 primo,
882 857 1115 923 consectarium
1139 856 1294 922 essehoc
1318 857 1396 941 volt,

251 969 288 1031 ut
311 967 366 1030 ille
389 987 478 1030 more
502 966 667 1030 constanti
688 987 705 1028 e
724 965 771 1028 rei
791 964 928 1029 veritate
946 985 1134 1028 numerasse
1157 964 1257 1028 libros
1277 963 1395 1028 Varro-

248 1073 364 1138 nianos
388 1073 553 1136 credatur:
583 1071 772 1155 responderi
800 1073 910 1153 potest
933 1073 966 1134 et
993 1091 1051 1152 per
1073 1091 1107 1134 ss
1135 1091 1248 1154 parum
1273 1074 1395 1134 certum

249 1201 319 1243 esse
353 1200 415 1263 quo
449 1177 644 1243 Mercklinus
677 1177 780 1241 utitur
813 1176 1007 1259 exemplum,
1045 1181 1078 1240 et
1110 1177 1138 1240 si
1171 1177 1222 1240 vel
1255 1177 1395 1240 maxime

250 1291 372 1350 certum
402 1289 502 1368 esset,
529 1283 610 1349 nihil
640 1283 771 1348 omnino
800 1283 858 1346 tali
887 1282 1166 1367 argumentatione
1194 1282 1293 1366 effici,
1323 1305 1396 1348 cum

249 1391 476 1476 neglegentiae
509 1390 559 1454 rel
592 1390 735 1454 incuriae
767 1389 858 1452 notio
888 1410 954 1452 non
987 1391 1156 1452 censeatur
1188 1389 1287 1453 mons
1321 1411 1396 1454 con-

250 1497 384 1580 stantia,
411 1497 466 1561 sed
491 1498 525 1560 in
549 1518 586 1561 eo
610 1497 681 1579 ipso
705 1495 922 1564 consistatut
946 1492 1068 1576 aliquid
1091 1495 1150 1558 fiat
1171 1500 1300 1577 praeter
1322 1517 1394 1560 nor·
1410 1515 1430 1555 v

251 1623 337 1665 mam
370 1606 402 1666 et
432 1601 705 1666 consuetudinem.
748 1599 927 1684 Aliquanto
960 1601 1092 1683 gravius
1124 1623 1300 1684 numquam
1331 1623 1398 1664 non

250 1708 408 1772 sensimus
427 1708 509 1772 illud
524 1729 602 1790 esse,
621 1707 707 1791 quod
721 1728 758 1771 eo
779 1707 864 1791 quod
883 1707 1029 1790 proxime
1051 1705 1214 1789 praecedit
1234 1708 1340 1790 capite
1357 1708 1398 1771 10

249 1813 334 1876 idem
353 1810 476 1876 Gellius
503 1833 541 1875 ex
565 1811 686 1876 eisdem
710 1832 790 1894 quos
814 1811 965 1875 manibus
989 1812 1155 1876 tractabat
1175 1810 1333 1877 Varronis
1358 1812 1397 1876 de

249 1919 447 2003 imaginibus
476 1917 569 1981 libris
600 1917 759 2002 quaedam
783 1938 955 2000 excerpens
985 1918 1093 2001 ipsum
1116 1919 1236 1983 librum
1258 1919 1398 2003 primum

251 2025 432 2090 rectissime
453 2045 526 2087 eum
545 2023 672 2088 dixerat
695 2025 750 2107 qui
768 2045 882 2088 revera
905 2023 1028 2106 primus
1048 2029 1131 2088 erat:
1155 2029 1192 2089 ut
1214 2029 1283 2089 tam
1307 2025 1398 2090 brevi

249 2133 421 2197 intervallo
446 2131 617 2195 interiecto
637 2151 733 2215 aegre
752 2131 900 2196 videatur
923 2130 1002 2194 adeo
1027 2131 1090 2195 sibi
1113 2153 1179 2196 non
1203 2131 1398 2214 constitisse,

251 2243 288 2302 ut
311 2239 458 2322 proximo
483 2239 590 2322 capite
613 2237 693 2302 item
716 2237 858 2320 primum
882 2237 1017 2320 librum,
1043 2238 1097 2320 qui
1123 2241 1209 2301 esset
1232 2237 1399 2320 secundus,

249 2341 378 2410 diceret
425 2341 487 2408 Sed
524 2343 755 2428 gravissimum
791 2349 902 2406 tamen
936 2343 1080 2407 omnium
1117 2343 1178 2406 hoc
1211 2347 1274 2425 est,
1311 2342 1398 2427 quod

250 2451 396 2531 omnino,
429 2453 602 2532 postquam
631 2448 774 2512 Pliniani
807 2447 986 2512 testimonii
1018 2448 1208 2531 simpliciter
1241 2449 1397 2533 interpre-

259 2557 349 2620 tandi
372 2555 427 2619 via
449 2555 614 2636 patefacta
636 2559 695 2638 est,
718 2554 880 2619 liberioris
904 2555 939 2620 in
956 2553 1056 2620 Gellii
1080 2555 1186 2620 verbis
1210 2557 1399 2639 interpreta-

250 2662 348 2726 tionis
372 2661 549 2724 necessitas
574 2661 678 2725 omnis
702 2660 842 2724 evanuit.

341 2767 426 2832 Hinc
448 2770 648 2831 autemeam
672 2767 736 2831 alia
759 2770 836 2850 apta
859 2771 934 2832 sunt
956 2773 1027 2833 tum
1050 2769 1111 2834 hoc
1131 2770 1336 2853 consequitur
1355 2773 1399 2850 ut,

251 2876 279 2938 si
303 2875 337 2940 in
359 2873 561 2958 principibus
577 2871 739 2937 Homerus
763 2873 826 2936 fuit
850 2873 934 2937 libro
958 2875 1064 2957 primo
1089 2873 1286 2957 compositis,
1308 2873 1399 2938 nulla

249 2983 315 3046 iam
342 2981 457 3046 relicta
483 2999 599 3042 caussa
628 2978 672 3042 sit
702 3000 759 3042 cur
782 2977 921 3042 secundo
945 2978 1028 3044 libro
1052 2983 1167 3063 poetae
1191 2979 1397 3063 potissimum

252 3087 366 3152 Graeci
385 3086 582 3151 tribuantur:
604 3085 731 3168 quando
747 3085 854 3168 ipsum
869 3085 1008 3168 primum
1023 3086 1130 3150 locum
1145 3087 1178 3150 in
1192 3087 1276 3150 libro
1292 3087 1397 3169 primo

250 3195 427 3261 Homerum
452 3212 625 3275 occupasse
649 3213 715 3256 non
738 3191 833 3256 modo
858 3191 924 3254 ullo
943 3195 1032 3256 certo
1057 3197 1246 3276 argumento
1269 3215 1398 3276 persna-

250 3301 351 3383 detur,
375 3300 430 3363 sed
449 3321 489 3364 ne
508 3299 753 3382 probabilitatis
773 3297 902 3380 quidem
923 3297 1001 3362 satis
1025 3296 1138 3362 babet:
1162 3303 1276 3363 contra
1299 3303 1397 3382 atque

249 3405 428 3471 Merclrlino
453 3406 557 3469 visum
581 3407 630 3467 est
653 3425 683 3487 p.
707 3404 737 3467 9.
764 3405 813 3466 11.
839 3404 879 3467 16
905 3403 993 3484 [536.
1017 3403 1090 3468 539.
1115 3403 1204 3485 544}
1246 3404 1337 3480 Quod
1361 3411 1398 3469 ut

251 3511 347 3594 quale
366 3511 410 3573 sit
433 3510 557 3592 plenius
581 3509 807 3593 perspiciatur,
831 3508 871 3573 ad
890 3510 1028 3573 alteram
1048 3510 1246 3593 quaestionis
1271 3516 1398 3594 partem

250 3615 521 3699 progrediendum
545 3619 595 3678 est
623 3635 705 3698 quae
729 3618 779 3677 est
808 3613 846 3677 dc
870 3615 1119 3679 architectorum
1143 3615 1178 3678 in
1200 3615 1397 3700 imaginibus

251 3721 465 3787 Varronianis
489 3721 571 3785 sede.
613 3719 702 3785 Haec
726 3720 812 3784 enim
836 3743 907 3784 cum
937 3721 1079 3786 ‘decimo
1103 3721 1268 3786 celebrata
1291 3723 1397 3786 rolu-

251 3829 350 3892 mine
365 3827 485 3892 Marcei
500 3825 691 3892 hebdomas'
706 3826 832 3890 dicatur
846 3827 887 3892 ab
901 3827 1046 3892 Ausonio
1057 3827 1210 3892 Mosellae
1225 3849 1252 3892 v.
1264 3829 1329 3893 306
1341 3851 1398 3912 sq.,

250 3935 283 3998 id
307 3955 366 3999 nos
390 3933 519 4018 quidem
543 3933 583 3997 ad
607 3933 767 3998 decimum
791 3933 829 3997 de
853 3935 1051 4019 imaginibus
1073 3935 1217 3998 librum
1238 3935 1397 3999 refereba-

251 4062 320 4104 mus
351 4039 478 4103 ratione
510 4042 547 4102 ut
578 4038 774 4120 putabamus
808 4040 951 4104 omnium
983 4039 1234 4122 simplicissima.
1275 4039 1398 4106 Verum

250 4146 346 4230 longe
365 4145 463 4208 aliam
487 4144 789 4228 interpretationem
808 4145 945 4210 Ausonii
963 4145 1063 4210 verba
1081 4144 1253 4210 admittere
1272 4145 1396 4211 Merclr·

250 4251 334 4314 linus
364 4249 434 4333 p.8
459 4250 552 4330 [536]
578 4249 699 4334 arguit:
731 4271 797 4313 non
826 4255 863 4313 ut
891 4251 973 4316 liber
1000 4251 1155 4334 decimus,
1189 4252 1244 4316 sed
1272 4253 1397 4318 decima

249 4355 458 4421 hebdomas
482 4355 690 4441 significetur,
711 4357 838 4439 quando
858 4356 1005 4442 singulae
1024 4357 1241 4424 hebdomades
1260 4359 1396 4424 totidem

251 4461 470 4529 voluminibus
495 4465 528 4525 et
551 4461 792 4525 continerentur
815 4467 848 4526 et
870 4469 1124 4528 numerarentur.
1162 4463 1232 4541 Qua
1256 4465 1397 4530 admissa

1129 4569 1184 4624 aa*
