3274 5114
248 363 313 429 182
606 379 822 432 rasennam
845 379 1031 428 acaunus.

247 523 406 588 librorum
430 523 586 588 memoria
608 523 657 588 M.
680 523 758 590 accii
781 524 843 606 riti,
870 521 918 588 M.
940 524 1081 602 secutast,
1107 525 1155 590 M.
1178 525 1313 608 nuris,
1344 524 1393 589 M.

246 630 402 709 bctmlici,
415 629 463 695 M.
477 631 561 712 actii,
579 630 697 714 quibus
715 628 902 696 nominibus
921 621 1111 715 interpolati
1128 632 1182 696 sed
1197 630 1392 714 particulam

247 737 471 822 praemittunt,
490 736 581 802 effeci
599 736 763 822 Parergon
781 759 811 820 p.
828 738 870 802 14
888 737 972 803 conl.
990 761 1020 822 p.
1037 739 1079 804 10
1097 742 1130 804 et
1149 739 1205 806 86:
1229 743 1392 805 strenuus·

248 845 310 928 que
332 842 482 927 idemque
505 843 832 928 intellegentissimus
856 844 973 910 vindex
995 844 1063 909 eius
1083 846 1318 912 emendationis
1342 869 1394 912 ex·

249 951 336 1016 stitit
357 948 519 1016 Martinus
542 947 693 1014 Hertaius
720 972 794 1016 cum
821 949 966 1016 Berolini
993 973 1021 1015 a.
1047 933 1133 1016 1'854
1160 952 1327 1036 publicato
1354 952 1394 1018 de

248 1057 367 1124 Plauti'
385 1056 572 1122 nominibus
600 1056 726 1141 libello,
756 1060 828 1123 tum
851 1058 920 1122 eius
944 1057 1176 1142 disputationis
1201 1057 1392 1143 ‘epimetro'

249 1162 336 1250 quod
359 1165 409 1228 est
430 1163 465 1228 in
486 1163 653 1248 prooemio
677 1164 860 1230 academico
875 1163 1123 1230 Vratislaviensi
1147 1166 1223 1230 anni
1249 1165 1390 1231 1867.-

248 1271 334 1356 Ipsis
353 1274 462 1336 autem
477 1269 569 1336 Accii
587 1271 697 1336 verbis
716 1274 845 1338 constat
867 1271 1042 1357 praeclaris
1066 1273 1393 1339 commentationibus

249 1377 377 1445 duabus¹
402 1400 521 1444 novam
549 1377 654 1442 lucem
682 1378 825 1443 adlatam
852 1399 931 1444 esre.
976 1377 1154 1463 Postquam
1182 1379 1268 1444 enim
1290 1379 1350 1444 illa
1372 1402 1390 1444 e

250 1484 509 1551 ‘Didascalicon'
536 1485 632 1550 libris
659 1485 812 1552 Accianis
840 1486 944 1571 petita
971 1509 1042 1553 esse
1069 1485 1251 1573 Madvigius
1281 1486 1392 1553 docuit

250 1593 367 1678 Opuso.
386 1591 506 1659 aeadl
528 1615 558 1678 p.
573 1593 630 1678 94,
653 1593 765 1657 eadem
788 1615 855 1658 non
878 1615 948 1660 esse
971 1615 1069 1678 prosa
1092 1594 1238 1660 oratione
1262 1593 1393 1679 scripta,

251 1701 306 1766 sed
328 1700 472 1765 numeris
500 1698 654 1765 conclusa
680 1698 820 1782 pervidit
842 1699 922 1766 God.
944 1699 1125 1766 Hermanni
1149 1721 1284 1766 acumen
1307 1701 1394 1768 edite

251 1832 278 1874 a.
304 1809 390 1874 1842
420 1805 476 1872 ‘da
499 1805 534 1871 L.
557 1805 643 1871 Attii
673 1805 767 1871 libris
790 1805 1035 1875 Didascalicon'
1059 1808 1287 1875 dissertatione
1309 1830 1340 1894 p.
1363 1809 1393 1875 5.

252 1914 350 1982 Cuius
373 1935 434 2000 ego
459 1913 607 1998 exemplo
631 1913 666 1976 in
688 1912 800 1996 paucis
819 1913 972 1981 derelicto
991 1913 1174 1982 trochaicos
1193 1916 1395 2000 septenarios

251 2022 335 2088 tales
354 2019 476 2104 partim
495 2017 573 2084 olim
592 2017 816 2084 commendari
835 2020 856 2085 l.
871 2043 896 2085 s.
910 2044 934 2085 s.
948 2022 1070 2106 partim
1088 2045 1174 2090 nunc
1193 2023 1396 2090 commendo:

296 2163 445 2249 Namque
467 2183 527 2228 nee
551 2158 701 2227 Geminei
721 2162 852 2228 lenones
874 2163 933 2228 nec
956 2161 1159 2250 Condalium,
1182 2168 1248 2232 non
1270 2166 1361 2232 Anus

297 2271 419 2354 Pladti,
446 2291 506 2335 nec
528 2268 586 2335 Bis
610 2271 796 2354 cdmpressa
819 2271 875 2334 aut
897 2269 1035 2337 Boeotia
1058 2273 1126 2338 eius
1150 2274 1303 2357 umqudm
1326 2274 1398 2353 fuit,

297 2377 410 2464 Ne'que
424 2375 592 2462 Agroecus
615 2397 719 2462 neque
743 2374 1000 2444 Commorientes
1024 2379 1104 2445 ddeo
1127 2377 1311 2446 fuitMaecr'
1323 2379 1398 2445 liti.

254 2523 398 2601 Quorum
421 2519 537 2584 ultimo
560 2521 635 2586 adeo
658 2521 818 2605 particula
840 2522 1082 2608 transponenda
1104 2524 1179 2608 fuit,
1201 2545 1242 2589 ne
1267 2527 1323 2589 aut
1345 2545 1398 2588 ne-

253 2627 395 2696 cessaria
416 2649 550 2693 caesura
567 2624 804 2694 desideraretur
823 2633 881 2694 aut
897 2629 932 2695 in
946 2630 1102 2714 Aproeeus
1120 2631 1399 2716 antepaenultima

254 2739 384 2822 praeter
410 2735 518 2819 legem
547 2734 785 2818 produceretur.
829 2736 915 2802 Nam
940 2737 1024 2821 quod
1049 2735 1204 2804 Sotadeos
1227 2739 1335 2822 potius
1359 2761 1397 2804 ex

253 2843 405 2910 Accianis
437 2841 544 2908 verbis
578 2841 693 2907 elicere
723 2842 895 2926 persubtili
925 2843 1143 2928 disputatione
1171 2844 1398 2910 Lachmannus

254 2950 397 3016 iust'tuit
425 2950 459 3014 in
486 2948 652 3034 prooemio
681 2949 800 3016 Indicis
829 2950 903 3016 lect.
930 2950 997 3016 hib.
1020 2949 1127 3017 Berol.
1151 2975 1179 3016 a.
1205 2952 1289 3017 1849
1313 2975 1346 3036 p.
1369 2953 1399 3035 6,

254 3079 350 3144 quern
379 3059 429 3120 est
456 3053 555 3120 Gellii
584 3054 690 3122 editor
717 3055 868 3121 Hertzius
901 3061 1045 3142 secutus,
1076 3057 1110 3122 id
1138 3059 1199 3124 etsi
1228 3059 1306 3125 olim
1333 3080 1398 3124 nou
1480 3085 1485 3098 ·

254 3162 469 3249 improbabile
492 3162 598 3228 risum
621 3167 687 3246 est,
709 3167 819 3230 tamen
842 3186 906 3249 quo
931 3163 1053 3229 diutius
1077 3164 1194 3229 iterum
1219 3169 1315 3250 atque
1339 3165 1397 3230 ite·

254 3295 327 3338 rum
356 3269 533 3355 pensitari,
565 3291 602 3334 eo
632 3269 714 3335 mibi
743 3271 872 3356 aegrius
902 3271 1058 3355 persuasi.
1107 3271 1255 3358 Longum
1283 3276 1334 3336 est
1364 3275 1398 3337 et

255 3381 297 3446 ab
324 3379 387 3444 hoc
414 3378 486 3444 loco
510 3377 665 3464 alienum,
696 3399 799 3464 genus
823 3377 903 3443 illud
925 3377 1111 3443 universum
1135 3379 1332 3464 disceptare3
1363 3379 1397 3444 in

255 3487 336 3574 ipsis
361 3485 452 3552 Accii
476 3485 638 3570 versibus,
666 3485 778 3570 quales
801 3483 1028 3551 Lachmannus
1052 3485 1233 3570 constituit,
1255 3485 1318 3550 duo
1343 3509 1399 3570 pc·

255 3595 419 3660 tissimum
449 3595 526 3657 sunt
554 3614 637 3677 quae
667 3613 738 3658 meo
769 3614 866 3658 sensu
894 3593 1023 3677 placere
1053 3595 1227 3676 nequeant:
1259 3591 1399 3676 primurn

256 3724 371 3788 parum
395 3703 647 3786 exaequatorum
667 3700 907 3766 enuntiatorum
922 3721 1136 3784 versuumque
1154 3699 1401 3782 inconcinnitas,

256 3813 386 3894 praeter
413 3811 519 3872 cetera
547 3809 656 3872 autem
684 3827 757 3872 oum
785 3806 878 3891 gravi
906 3805 1083 3871 offensione
1111 3806 1145 3870 in
1172 3805 1261 3872 exitu
1289 3827 1400 3871 versus

257 3915 400 4001 positum
422 3934 492 3978 acc:
516 3911 618 3978 ‘Nem
640 3935 699 3978 nec
723 3909 873 3978 Geminei
894 3911 1004 3976 leones
1026 3913 1085 3976 nde
1108 3909 1303 3978 Condalidm
1326 3909 1401 3994 nect

258 4021 366 4088 Pladti
381 4021 481 4103 Anus,
495 4017 571 4084 nec'
590 4039 617 4084 c.
627 4044 654 4100 q.
665 4041 699 4098 s,
721 4018 803 4084 nihil
826 4021 864 4082 ut
887 4017 925 4082 de
949 4016 1083 4082 moleste
1107 4017 1275 4085 conlocato
1291 4017 1402 4084 Plauti

257 4130 389 4196 nomine
411 4127 531 4212 dicam3
557 4163 594 4173 -
622 4125 773 4211 alterum,
801 4125 886 4210 quod
910 4121 1052 4190 ‘leones'
1080 4125 1236 4210 praetulit
1264 4123 1402 4192 ‘lenoni-

258 4235 345 4320 bus',
367 4257 447 4321 quos
466 4235 619 4300 nimirum
638 4237 803 4318 respueret
822 4231 890 4297 ‘lex
909 4228 1093 4296 carminis':
1113 4229 1151 4296 de
1169 4251 1233 4316 quo
1252 4252 1310 4296 suo
1329 4231 1401 4297 loco

259 4344 382 4410 dicetur
405 4343 465 4409 sub
490 4342 708 4408 ‘Laroumvs
732 4337 901 4404 caururs’.
