3288 5100
552 371 630 420 srva
655 371 903 419 uuanonnnvn
927 371 1030 417 nrum.
1297 353 1362 416 545

220 511 323 600 loqui)
338 513 559 598 prooemiandi
574 515 778 580 occasionem
792 513 1012 578 tractabamus
1028 514 1140 596 [supra
1153 534 1183 595 p.
1194 511 1259 576 508
1270 513 1363 596 sqq.],

220 642 322 703 nuper
348 619 413 703 ipsi
444 621 566 704 experti
597 643 718 684 sumus.
770 619 835 684 Vbi
867 641 939 684 oum
975 619 1014 684 da
1043 617 1261 702 Imaginum
1296 617 1364 682 sive

220 726 508 792 Hebdomadum
526 727 642 791 libris
661 725 904 792 M.Varronis
924 725 1193 811 quaesivissamus
1214 725 1255 788 ad
1269 747 1364 808 quem

221 835 390 918 qualemve
405 834 549 898 ordinem
560 833 744 898 viderentur
759 831 908 916 dispositi
922 831 1032 914 fuisse,
1047 854 1085 896 ea
1098 832 1170 915 ipsa
1185 831 1365 914 disputatio

220 939 431 1006 LVDOVIcvn
449 939 703 1021 Mnucnnmvn,
727 939 858 1003 doctum
877 939 980 1002 virum
1000 943 1032 1002 et
1050 943 1194 1020 acutum,
1217 937 1368 1002 invitarit

141 1045 144 1052 ’
221 1049 314 1112 utin
337 1047 449 1112 eodem
472 1050 664 1130 argumento
689 1047 793 1110 denuo
817 1049 1011 1109 versaretur:
1042 1044 1075 1108 id
1103 1044 1188 1128 quod
1211 1043 1266 1108 ille
1289 1043 1367 1107 fecit

221 1153 255 1217 in
279 1152 641 1218 ‘Animadversionibus
665 1152 703 1214 de
727 1151 939 1215 Varronianis
963 1149 1258 1233 Hebdomadibus',
1286 1171 1367 1234 quas

221 1258 324 1324 Indici
348 1261 532 1324 scholarum
556 1259 726 1344 praemisit
748 1279 806 1342 per
829 1279 948 1322 annum
973 1254 1213 1322 MDCCOLVII
1240 1257 1274 1320 in
1297 1256 1373 1348 uni,

223 1367 374 1432 versitate
385 1365 582 1450 Dorpatensi
596 1365 820 1431 habendarum
837 1365 878 1444 [v.
893 1387 924 1448 p.
939 1362 1004 1428 530
1015 1363 1106 1446 sqq.].
1135 1361 1180 1425 Et
1194 1363 1368 1426 maximam

222 1474 350 1556 quidem
365 1478 490 1558 partem
506 1496 631 1556 eorum,
655 1494 736 1556 quae
759 1470 985 1534 ratiocinando
1005 1469 1147 1532 effecisse
1166 1469 1260 1532 nobis
1282 1467 1368 1534 vide·

221 1578 335 1642 bamur
358 1583 394 1642 ut
417 1579 538 1642 similia
561 1579 638 1661 veri,
660 1600 725 1642 non
749 1577 818 1640 sine
842 1576 1010 1660 voluptate
1033 1575 1171 1639 vidimus
1191 1574 1232 1638 ab
1255 1573 1312 1638 illo
1337 1577 1370 1637 et

221 1684 352 1766 probari
367 1689 399 1748 et
413 1687 504 1750 novis
524 1683 725 1770 argumentis
745 1683 881 1746 firmari:
902 1682 1061 1766 quaedam
1080 1702 1138 1744 nec
1157 1703 1195 1745 ea
1214 1680 1298 1744 levia
1317 1679 1368 1744 vel

222 1789 406 1854 addubitari
423 1789 474 1853 vel
492 1789 682 1873 improbari.
719 1787 757 1852 In
775 1787 827 1852 his
842 1793 960 1872 autem,
976 1811 1057 1872 quae
1072 1786 1197 1866 reiecit,
1212 1786 1274 1850 duo
1295 1789 1370 1850 sunt

223 1896 336 1980 gravia
368 1899 496 1980 praeter
526 1883 634 1961 cetera
666 1901 698 1960 et
726 1895 767 1960 ad
800 1893 991 1979 disponendi
1023 1894 1184 1958 rationem
1211 1890 1369 1956 Varronis

221 2002 478 2086 perspiciendam
506 2003 656 2086 inprimis
685 2002 793 2066 utilia:
833 2023 970 2086 quorum
994 2001 1131 2066 alterum
1160 1999 1201 2064 ad
1224 1999 1370 2082 ipsarum

222 2110 401 2194 imaginum
437 2131 606 2174 numerum
643 2110 829 2174 universum
867 2111 1006 2190 spectat,
1043 2107 1183 2172 alterum
1220 2104 1261 2169 ad
1298 2126 1369 2169 eam

223 2216 330 2279 sedern
354 2239 452 2300 quam
474 2217 560 2280 inter
578 2219 686 2280 cetera
709 2215 813 2280 laudis
835 2214 996 2278 humanae
1015 2234 1135 2296 genera
1153 2211 1371 2276 architectura
1403 2199 1407 2208 ’

223 2322 411 2386 obtinuerit.
456 2323 504 2386 Ao
536 2323 575 2386 de
607 2323 664 2386 illo
699 2321 782 2404 quod
815 2320 886 2404 ipae
914 2318 1111 2382 Meroklinus
1144 2317 1274 2400 statuit,
1306 2338 1370 2400 quo

222 2427 386 2512 lubentius
409 2427 550 2491 fatemur
573 2449 706 2510 prorsus
730 2426 825 2490 nobis
849 2447 1040 2509 persuasum
1062 2445 1140 2505 esse,
1164 2445 1201 2488 eo
1225 2423 1369 2487 tenacius

223 2533 379 2596 tuendum
403 2533 542 2596 alterum
566 2535 599 2594 et
622 2532 663 2595 ab
692 2531 781 2596 illius
812 2530 994 2614 suspitione
1019 2529 1247 2594 vindicandum
1271 2528 1368 2592 senti-

223 2660 304 2702 mus.
342 2637 504 2712 Quaeres
528 2660 601 2703 cunr
630 2638 735 2722 qualis
766 2637 810 2701 sit
833 2637 1112 2721 explicaverimus,
1141 2639 1198 2700 aut
1224 2634 1370 2698 fallimur

224 2747 280 2807 aut
308 2744 404 2808 simul
432 2766 505 2828 spes
534 2748 585 2807 est
613 2745 682 2808 fore
711 2749 746 2808 ut
775 2744 816 2808 ad
840 2766 948 2808 veram
972 2743 1156 2827 Imaginum
1185 2741 1370 2825 imaginem,

225 2855 380 2934 quantum
409 2849 539 2934 quidem
565 2850 635 2915 fieri
659 2849 869 2914 coniectando
892 2853 1015 2932 potest,
1044 2848 1209 2932 aliquanto
1235 2846 1370 2930 propius

225 2957 424 3022 accedamus.

313 3064 457 3128 Primum
493 3063 594 3148 igitur
632 3063 670 3127 de
708 3084 842 3127 numero
879 3061 1132 3145 compositarum
1169 3083 1189 3124 a
1223 3057 1370 3124 Varrone

224 3171 404 3256 imaginum
441 3191 513 3234 eum
551 3168 649 3234 Plinii
687 3170 786 3234 verba
823 3169 1097 3253 septingentas
1135 3167 1287 3230 testantis
1324 3165 1372 3229 ita

224 3277 432 3360 interpretati
453 3298 605 3359 essemus,
628 3280 665 3339 ut
685 3275 724 3339 ad
743 3275 873 3358 plenam
892 3273 947 3338 ille
967 3293 1126 3338 summam
1146 3270 1371 3353 centenariam,

225 3383 344 3466 quippe
377 3383 411 3446 in
443 3383 546 3446 solam
576 3380 794 3445 multitudinis
822 3381 988 3446 notionem
1016 3381 1173 3461 intentus,
1205 3377 1371 3443 liberalius

226 3487 353 3550 auxisse
378 3509 450 3551 eum
473 3509 643 3551 numerum
667 3490 848 3570 putaretur,
871 3487 938 3570 qui,
962 3486 989 3550 si
1013 3485 1053 3550 ad
1077 3485 1231 3548 amussim
1255 3483 1372 3547 calculi

226 3593 491 3675 subducerentur,
530 3593 618 3657 intra
650 3595 873 3656 sexcentarum
906 3593 1072 3676 octoginta
1105 3613 1161 3656 sex
1192 3591 1372 3674 imaginum

226 3698 304 3762 fines
329 3699 533 3762 subsisteret:
561 3701 614 3763 tot
637 3698 722 3762 enim
747 3697 945 3781 efficiuntur,
972 3697 1028 3762 ubi
1054 3697 1106 3760 bis
1130 3699 1254 3778 septem
1277 3695 1370 3758 libris

226 3804 363 3888 singulis
388 3805 531 3888 septiens
555 3807 707 3888 septenas
736 3803 895 3888 imagines
919 3803 1109 3868 distributas
1136 3803 1237 3866 fuisse
1261 3801 1368 3866 nobis·
1383 3821 1416 3860 rv

226 3933 299 3975 oum
323 3909 510 3974 credideris:
534 3911 567 3974 id
592 3909 722 3994 quidem
746 3909 811 3975 iam
830 3909 904 3974 aliis
929 3913 1004 3974 ante
1023 3907 1237 3974 Mercklinum
1261 3907 1373 3992 displi-

226 4017 329 4080 cuisse
352 4021 520 4080 narratum
544 4021 594 4080 est
612 4015 716 4080 Musei
740 4015 851 4100 philol.
871 4015 935 4080 XII
957 4040 988 4101 p.
1011 4015 1073 4079 154
1098 4017 1210 4098 [supra
1233 4037 1263 4098 p.
1282 4015 1371 4094 529}

226 4121 312 4187 Nam
343 4121 391 4187 ita
422 4123 507 4207 quod
539 4123 699 4206 reliquum
733 4126 783 4186 est
816 4122 850 4186 in
883 4121 980 4188 Plinii
1012 4122 1266 4204 computatione,
1299 4141 1370 4184 cum

225 4229 333 4312 ipsum
356 4229 575 4312 septenarium
599 4249 768 4292 numerum
796 4229 846 4292 bis
871 4232 995 4312 septem
1023 4228 1203 4310 imaginum
1227 4231 1373 4298 servaret
1503 4287 1507 4296 ,

227 4336 281 4420 qui
309 4356 367 4418 per
395 4338 502 4399 totum
529 4355 610 4417 opus
634 4331 875 4398 Varronianum
902 4339 1068 4420 regnaret,
1096 4334 1151 4397 vix
1178 4332 1242 4398 hoc
1269 4333 1371 4398 videri

227 4441 315 4505 casui
355 4441 456 4506 tribui
496 4462 591 4524 posse
633 4438 835 4505 Lvnovrcvs
872 4440 1086 4506 Vanrcusrvs
1123 4439 1371 4523 Mansurusque

280 4563 321 4598 PB.
337 4565 486 4599 RITSCHEMI
501 4563 634 4598 OPVSCVLA
649 4565 689 4600 ΙΙΙ.
1071 4550 1105 4596 35
