3258 5102
409 375 693 427 auaunsrrouvu
718 373 1016 423 carvanrlusavu
1040 371 1150 420 raras.
1285 353 1351 420 599

207 521 297 588 Haeo
320 523 422 607 igitur
445 521 554 586 omnia
573 541 646 585 cum
669 520 718 583 ita
740 541 774 582 se
798 518 950 599 habeant
974 515 1165 600 simpliciter
1184 517 1292 580 autem
1310 514 1353 580 ad

207 633 368 694 terrarum
391 628 499 712 spatia
522 628 572 693 val
595 649 697 713 regna
719 645 833 709 regum
862 624 1012 708 latosque
1034 644 1166 707 campos
1189 621 1352 707 quoslibet

206 736 357 801 translati
394 736 540 818 templccn
575 732 725 799 vocabuli
757 731 889 796 omnino
922 729 1104 814 exemplum
1136 750 1202 794 non
1239 731 1352 813 exstet,

208 843 306 906 etiam
342 843 381 908 de
414 841 610 907 Catullianis
643 841 670 905 si
707 839 757 904 dis
793 839 903 923 placet
933 837 1053 920 ternplc's
1086 835 1249 917 Gortynic's
1281 853 1351 898 esse

207 953 316 1014 actum
344 953 496 1034 putamus
528 949 671 1034 satisque
704 947 886 1013 stabilitam
917 949 993 1010 tecto
1019 945 1222 1030 scripturam.
1263 938 1352 1015 Quae

206 1059 317 1121 tamen
348 1060 435 1121 tecta
465 1055 620 1122 narrandi
653 1054 854 1120 concinnitas
886 1075 985 1137 supra
1013 1073 1033 1115 a
1060 1050 1157 1117 nobis
1188 1047 1353 1113 declarata

207 1163 322 1230 suadet
344 1167 381 1228 ut
403 1185 469 1229 non
494 1165 600 1248 ipsam
627 1164 737 1248 potius
759 1161 884 1246 regiam
911 1160 1173 1243 interpretemur,
1200 1153 1256 1218 sed
1279 1173 1351 1218 cov-

207 1274 379 1350 εκδοχικῶε
415 1272 524 1356 posita
556 1271 754 1356 accipiamus
791 1291 850 1354 pro
886 1269 978 1333 urbe
1011 1266 1160 1350 Gortyna
1191 1262 1352 1343 universa,

207 1376 306 1441 simili
333 1399 466 1462 prorsus
495 1379 601 1465 figura
628 1381 725 1463 atque
754 1398 818 1462 qua
845 1398 905 1460 pro
934 1375 1013 1440 urbe
1037 1371 1136 1438 etiam
1159 1371 1280 1436 caena
1307 1367 1353 1432 di·

207 1487 331 1548 cuntur.
350 1521 393 1530 ——
416 1483 567 1551 Ceterum
586 1507 627 1549 na
651 1485 727 1570 quid
749 1482 1047 1568 praetermittamus
1066 1501 1140 1544 cum
1158 1479 1219 1543 hac
1238 1495 1352 1542 caussa

208 1590 423 1675 coniunctum,
449 1591 476 1655 si
500 1593 554 1676 qui
578 1593 678 1656 etiam
701 1590 827 1676 regiam
850 1589 995 1673 potuisse
1019 1587 1132 1671 bripio
1155 1583 1265 1650 vocari
1288 1582 1351 1648 sibi

206 1699 450 1781 persuaserunt,
473 1701 510 1762 ut
533 1697 618 1782 quod
640 1717 760 1762 nomen
782 1717 849 1762 non
871 1716 947 1760 raro
969 1695 1086 1778 amplis
1109 1690 1351 1776 splendidisque

207 1803 361 1868 aedificiis
390 1803 558 1888 quibusvis
586 1803 795 1887 tribueretur,
822 1802 928 1867 multo
953 1801 1053 1866 etiam
1080 1797 1210 1884 longius
1234 1819 1254 1861 a
1275 1817 1351 1860 vero

207 1932 304 1995 quam
327 1910 378 1975 illi
400 1911 592 1977 aberrarunt
614 1933 695 1996 quos
719 1915 794 1976 ante
816 1909 1003 1974 refellimus.
1036 1905 1099 1984 Qui
1122 1905 1251 1991 quidem
1270 1903 1351 1969 scire

205 2019 358 2100 poterant
383 2039 450 2083 nou
482 2023 615 2103 propter
647 2019 905 2102 amplitudinem·
928 2019 986 2081 ant
1011 2013 1216 2098 splendorem
1248 2010 1352 2093 templi

205 2143 324 2190 nomen
347 2123 399 2190 vel
428 2126 535 2192 curiae
563 2127 615 2192 vel
637 2126 754 2190 rostris
778 2125 829 2188 rel
857 2123 1014 2190 tribunali
1043 2122 1183 2187 inditum
1210 2139 1280 2184 esse
1304 2117 1351 2182 eis

206 2230 363 2314 exemplis
387 2253 468 2315 quae
487 2231 637 2297 Dukerus
660 2231 843 2315 composuit
866 2231 899 2296 in
923 2229 1005 2294 Livii
1029 2229 1054 2312 I,
1073 2229 1126 2310 30,
1145 2228 1165 2292 2
1189 2226 1351 2310 ceterique

206 2337 400 2420 interpretes
423 2339 458 2402 in
481 2337 575 2422 VIII,
598 2339 655 2422 35,
677 2339 696 2404 8
721 2342 754 2402 et
776 2336 902 2421 XXIII,
924 2337 977 2419 10,
997 2337 1030 2420 5,
1054 2335 1110 2400 sed
1134 2333 1220 2418 quod
1243 2331 1350 2415 auspi-

208 2443 330 2508 ciorum
354 2443 562 2508 caerimoniis
585 2465 641 2509 eae
665 2445 759 2510 aedes
784 2445 997 2528 inauguratae
1020 2443 1137 2507 essent.

295 2655 452 2722 Eiusdem
475 2656 629 2722 carminis
655 2657 799 2722 versibus
823 2656 866 2721 39
886 2677 955 2741 sqq.
983 2654 1209 2720 derelictorum
1233 2653 1274 2718 ab
1302 2652 1351 2718 in·

207 2763 287 2828 colis
319 2764 386 2828 suis
418 2762 611 2830 Pharsalum
647 2763 904 2828 commeantibus
940 2762 1086 2827 locorum
1122 2759 1266 2826 condicio
1304 2759 1351 2823 sic

206 2869 411 2936 describitur:

338 2978 429 3043 Rura
451 2977 530 3042 colit
552 2999 662 3062 nemo,
685 2978 879 3042 mollescunt
902 2976 985 3041 colla
1007 2975 1165 3058 iuuencis,

341 3084 417 3150 Non
439 3085 573 3150 humilis
597 3085 702 3150 curuis
726 3089 884 3170 purgatur
907 3084 1004 3149 uinea
1026 3083 1157 3166 rastris,
1316 3097 1352 3145 40

339 3190 415 3256 Non
438 3191 588 3277 glaebam
612 3215 716 3276 prono
740 3192 896 3257 conuellit
919 3212 1049 3256 uomere
1072 3193 1200 3272 taurus,

340 3297 415 3363 Non
440 3299 505 3364 falx
529 3303 678 3364 attenuat
699 3299 924 3367 frondatorum
948 3297 1073 3363 arboris
1097 3295 1257 3378 umbram,

340 3401 495 3487 Squalida
518 3405 653 3470 desertis
676 3405 793 3490 rubigo
817 3405 954 3470 infertur
977 3403 1103 3468 aratris.

206 3507 246 3572 In
274 3508 391 3593 quibus
420 3531 486 3574 non
515 3513 627 3593 potest
649 3532 713 3574 non
744 3511 920 3594 permirum
943 3509 1045 3576 rideri
1078 3514 1111 3574 et
1142 3513 1192 3574 ter
1220 3507 1284 3573 dici
1311 3507 1351 3572 de

207 3616 368 3698 aratione,
398 3637 492 3680 uersu
519 3616 623 3700 primo
651 3616 748 3681 tertio
777 3617 903 3700 quinto,
934 3619 967 3682 et
993 3617 1041 3680 ita
1067 3620 1105 3680 ut
1133 3615 1184 3681 bis
1212 3614 1352 3680 aliorum

207 3742 361 3806 generum
385 3723 509 3788 mentio
537 3725 764 3808 interponatur
792 3745 874 3807 quae
902 3723 942 3788 ad
966 3723 1145 3788 arationem
1172 3721 1254 3786 nihil
1282 3723 1352 3804 pe'r·

206 3829 321 3892 tinent.
362 3826 578 3894 Desiderabat
614 3831 648 3894 in
684 3829 735 3894 his
772 3831 1022 3895 concinnitatem
1059 3831 1124 3895 iam
1156 3827 1351 3893 Laurentius

207 3936 407 4001 Ramircsius
426 3937 465 4001 de
484 3937 596 4002 Prator
616 3937 671 4022 qui
690 3959 763 4002 cum
782 3937 816 4001 in
834 3937 1099 4020 hypomnematis
1117 3937 1152 4001 in
1167 3934 1351 4000 Martialem

206 4043 274 4107 suis
299 4039 408 4128 (adl,
432 4043 489 4128 44)
519 4043 558 4109 de
586 4043 835 4128 transponendis
863 4044 1008 4110 versibus
1037 4043 1226 4129 cogitasset,
1253 4043 1350 4128 longa

205 4148 384 4216 fortissimo
413 4149 537 4216 scilicet
572 4153 762 4236 argumento
789 4151 937 4234 repulsus
970 4155 1021 4216 est
1048 4174 1068 4216 a
1094 4148 1349 4216 Mitschcrlichio
1403 4165 1409 4172 ·

205 4255 396 4320 Lectionum
420 4279 450 4340 p.
475 4257 533 4322 30:
563 4255 634 4322 ‘scd
661 4257 723 4321 hoc
747 4262 798 4322 est
824 4261 955 4341 poetam
980 4259 1015 4322 in
1038 4257 1184 4322 ordinem
1207 4255 1350 4341 cogere’:

205 4383 270 4449 quo
297 4383 364 4426 non
391 4363 506 4428 leviter
533 4363 727 4448 imposuisse
756 4361 887 4450 Silligio
916 4363 1051 4430 videtur.
1092 4363 1273 4429 Fatendum
1301 4366 1351 4428 est
1365 4381 1401 4426 rx

205 4492 283 4539 sane
305 4471 460 4559 pinguius
483 4492 552 4536 rem
571 4489 760 4558 eggressum
780 4492 851 4536 esse
874 4471 994 4541 bonnm
1012 4469 1206 4560 Hispanum,
1228 4470 1279 4538 cui
1303 4471 1350 4542 sic
