<?xml version="1.0" encoding="UTF-8"?>
<!DOCTYPE html PUBLIC "-//W3C//DTD XHTML 1.0 Transitional//EN"
    "http://www.w3.org/TR/xhtml1/DTD/xhtml1-transitional.dtd">
<html xmlns="http://www.w3.org/1999/xhtml" xml:lang="en" lang="en">
 <head>
  <title>
</title>
<meta http-equiv="Content-Type" content="text/html;charset=utf-8" />
  <meta name='ocr-system' content='tesseract 3.04.00' />
  <meta name='ocr-capabilities' content='ocr_page ocr_carea ocr_par ocr_line ocrx_word'/>
</head>
<body>
  <div class='ocr_page' id='page_1' title='image "./fridericiritsch09wachgoog_0220.png"; bbox 0 0 3274 5114; ppageno 0'>
   <div class='ocr_carea' id='block_1_1' title="bbox 584 429 1367 494">
    <p class='ocr_par' dir='ltr' id='par_1_1' title="bbox 584 429 1367 494">
     <span class='ocr_line' id='line_1_1' title="bbox 584 429 1367 494; baseline -0.001 -1"><span class='ocrx_word' id='word_1_1' title='bbox 584 445 799 494; x_wconf 69' lang='lat' dir='ltr'><strong>resonares</strong></span> <span class='ocrx_word' id='word_1_2' title='bbox 821 445 1009 494; x_wconf 70' lang='lat' dir='ltr'><strong>ansverus.</strong></span> <span class='ocrx_word' id='word_1_3' title='bbox 1303 429 1367 492; x_wconf 81' lang='lat'><strong>195</strong></span> 
     </span>
    </p>
   </div>
   <div class='ocr_carea' id='block_1_2' title="bbox 779 676 812 732">
    <p class='ocr_par' dir='ltr' id='par_1_2' title="bbox 779 676 812 732">
     <span class='ocr_line' id='line_1_2' title="bbox 779 676 812 732; baseline 0.03 -1"><span class='ocrx_word' id='word_1_4' title='bbox 779 676 812 732; x_wconf 88' lang='lat' dir='ltr'><strong>V.</strong></span> 
     </span>
    </p>
   </div>
   <div class='ocr_carea' id='block_1_3' title="bbox 136 798 1483 3452">
    <p class='ocr_par' dir='ltr' id='par_1_3' title="bbox 223 798 1425 2174">
     <span class='ocr_line' id='line_1_3' title="bbox 312 798 1368 888; baseline -0.001 -22"><span class='ocrx_word' id='word_1_5' title='bbox 312 798 438 866; x_wconf 78' lang='lat' dir='ltr'>Gellius</span> <span class='ocrx_word' id='word_1_6' title='bbox 452 799 510 884; x_wconf 88' lang='lat' dir='ltr'><strong>XI,</strong></span> <span class='ocrx_word' id='word_1_7' title='bbox 525 803 554 888; x_wconf 86' lang='lat' dir='ltr'><strong>I,</strong></span> <span class='ocrx_word' id='word_1_8' title='bbox 572 803 607 867; x_wconf 83' lang='lat'><strong>4:</strong></span> <span class='ocrx_word' id='word_1_9' title='bbox 632 801 755 869; x_wconf 76' lang='lat' dir='ltr'><strong>‘Veluti</strong></span> <span class='ocrx_word' id='word_1_10' title='bbox 773 802 898 869; x_wconf 84' lang='lat' dir='ltr'><strong>Itomae</strong></span> <span class='ocrx_word' id='word_1_11' title='bbox 917 803 1012 869; x_wconf 91' lang='lat' dir='ltr'><strong>nobis</strong></span> <span class='ocrx_word' id='word_1_12' title='bbox 1031 801 1255 887; x_wconf 88' lang='lat' dir='ltr'><strong>praesentibus</strong></span> <span class='ocrx_word' id='word_1_13' title='bbox 1274 805 1368 866; x_wconf 87' lang='lat' dir='ltr'><strong>uetus</strong></span> 
     </span>
     <span class='ocr_line' id='line_1_4' title="bbox 225 906 1368 996; baseline 0.003 -26"><span class='ocrx_word' id='word_1_14' title='bbox 225 906 468 993; x_wconf 88' lang='lat' dir='ltr'><strong>celebratusque</strong></span> <span class='ocrx_word' id='word_1_15' title='bbox 491 909 590 975; x_wconf 87' lang='lat' dir='ltr'><strong>horno</strong></span> <span class='ocrx_word' id='word_1_16' title='bbox 612 910 647 976; x_wconf 91' lang='lat' dir='ltr'><strong>in</strong></span> <span class='ocrx_word' id='word_1_17' title='bbox 670 909 785 995; x_wconf 87' lang='lat' dir='ltr'><strong>causis,</strong></span> <span class='ocrx_word' id='word_1_18' title='bbox 811 911 866 976; x_wconf 90' lang='lat' dir='ltr'><strong>sed</strong></span> <span class='ocrx_word' id='word_1_19' title='bbox 889 911 1058 996; x_wconf 88' lang='lat' dir='ltr'><strong>repentina</strong></span> <span class='ocrx_word' id='word_1_20' title='bbox 1080 915 1113 975; x_wconf 86' lang='lat' dir='ltr'><strong>et</strong></span> <span class='ocrx_word' id='word_1_21' title='bbox 1135 910 1226 995; x_wconf 88' lang='lat' dir='ltr'><strong>quasi</strong></span> <span class='ocrx_word' id='word_1_22' title='bbox 1248 909 1368 976; x_wconf 87' lang='lat' dir='ltr'><strong>tumul-</strong></span> 
     </span>
     <span class='ocr_line' id='line_1_5' title="bbox 223 999 1370 1103; baseline 0.005 -27"><span class='ocrx_word' id='word_1_23' title='bbox 223 1015 330 1079; x_wconf 86' lang='lat' dir='ltr'><strong>tuaria</strong></span> <span class='ocrx_word' id='word_1_24' title='bbox 353 999 499 1082; x_wconf 85' lang='lat' dir='ltr'><strong>doctrina</strong></span> <span class='ocrx_word' id='word_1_25' title='bbox 521 1017 700 1102; x_wconf 85' lang='lat' dir='ltr'><strong>praeditus,</strong></span> <span class='ocrx_word' id='word_1_26' title='bbox 729 1039 801 1083; x_wconf 89' lang='lat' dir='ltr'><strong>eum</strong></span> <span class='ocrx_word' id='word_1_27' title='bbox 826 1018 910 1103; x_wconf 88' lang='lat' dir='ltr'><strong>apud</strong></span> <span class='ocrx_word' id='word_1_28' title='bbox 933 1017 1132 1102; x_wconf 84' lang='lat' dir='ltr'><strong>praelectum</strong></span> <span class='ocrx_word' id='word_1_29' title='bbox 1155 1017 1245 1082; x_wconf 92' lang='lat' dir='ltr'><strong>urbis</strong></span> <span class='ocrx_word' id='word_1_30' title='bbox 1268 1019 1370 1082; x_wconf 87' lang='lat' dir='ltr'><strong>uerba</strong></span> 
     </span>
     <span class='ocr_line' id='line_1_6' title="bbox 223 1121 1396 1212; baseline 0.002 -27"><span class='ocrx_word' id='word_1_31' title='bbox 223 1121 345 1187; x_wconf 85' lang='lat' dir='ltr'><strong>faceret</strong></span> <span class='ocrx_word' id='word_1_32' title='bbox 368 1127 402 1187; x_wconf 89' lang='lat' dir='ltr'><strong>et</strong></span> <span class='ocrx_word' id='word_1_33' title='bbox 422 1123 526 1188; x_wconf 82' lang='lat' dir='ltr'>dicere</span> <span class='ocrx_word' id='word_1_34' title='bbox 548 1123 646 1189; x_wconf 89' lang='lat' dir='ltr'><strong>uellet</strong></span> <span class='ocrx_word' id='word_1_35' title='bbox 664 1125 754 1210; x_wconf 90' lang='lat' dir='ltr'><strong>inopi</strong></span> <span class='ocrx_word' id='word_1_36' title='bbox 774 1125 933 1212; x_wconf 89' lang='lat' dir='ltr'><strong>quendam</strong></span> <span class='ocrx_word' id='word_1_37' title='bbox 951 1124 1134 1210; x_wconf 86' lang='lat' dir='ltr'><strong>miseroque</strong></span> <span class='ocrx_word' id='word_1_38' title='bbox 1152 1123 1242 1188; x_wconf 89' lang='lat' dir='ltr'><strong>uictu</strong></span> <span class='ocrx_word' id='word_1_39' title='bbox 1260 1123 1370 1189; x_wconf 89' lang='lat' dir='ltr'><strong>uiuere</strong></span> <span class='ocrx_word' id='word_1_40' title='bbox 1395 1179 1396 1184; x_wconf 70' lang='grc'>,</span> 
     </span>
     <span class='ocr_line' id='line_1_7' title="bbox 224 1227 1370 1316; baseline 0.003 -24"><span class='ocrx_word' id='word_1_41' title='bbox 224 1231 258 1292; x_wconf 89' lang='lat' dir='ltr'><strong>et</strong></span> <span class='ocrx_word' id='word_1_42' title='bbox 289 1227 467 1294; x_wconf 80' lang='lat' dir='ltr'><strong>furfureum</strong></span> <span class='ocrx_word' id='word_1_43' title='bbox 499 1252 617 1314; x_wconf 90' lang='lat' dir='ltr'><strong>panem</strong></span> <span class='ocrx_word' id='word_1_44' title='bbox 648 1231 764 1296; x_wconf 84' lang='lat' dir='ltr'><strong>esitare</strong></span> <span class='ocrx_word' id='word_1_45' title='bbox 795 1232 969 1316; x_wconf 90' lang='lat' dir='ltr'><strong>uinumque</strong></span> <span class='ocrx_word' id='word_1_46' title='bbox 1000 1233 1145 1295; x_wconf 87' lang='lat' dir='ltr'><strong>eructum</strong></span> <span class='ocrx_word' id='word_1_47' title='bbox 1173 1235 1207 1295; x_wconf 87' lang='lat' dir='ltr'><strong>et</strong></span> <span class='ocrx_word' id='word_1_48' title='bbox 1233 1231 1370 1296; x_wconf 89' lang='lat' dir='ltr'><strong>fetidum</strong></span> 
     </span>
     <span class='ocr_line' id='line_1_8' title="bbox 223 1334 1370 1421; baseline 0.004 -21"><span class='ocrx_word' id='word_1_49' title='bbox 223 1338 347 1420; x_wconf 85' lang='lat' dir='ltr'><strong>potare,</strong></span> <span class='ocrx_word' id='word_1_50' title='bbox 370 1335 457 1400; x_wconf 80' lang='lat' dir='ltr'><strong>«hic»</strong></span> <span class='ocrx_word' id='word_1_51' title='bbox 480 1336 586 1421; x_wconf 88' lang='lat' dir='ltr'><strong>inquit</strong></span> <span class='ocrx_word' id='word_1_52' title='bbox 608 1357 723 1421; x_wconf 75' lang='lat' dir='ltr'><strong>«eques</strong></span> <span class='ocrx_word' id='word_1_53' title='bbox 741 1337 908 1403; x_wconf 85' lang='lat' dir='ltr'><strong>Romanus</strong></span> <span class='ocrx_word' id='word_1_54' title='bbox 932 1335 1085 1421; x_wconf 80' lang='lat' dir='ltr'>apludam</span> <span class='ocrx_word' id='word_1_55' title='bbox 1109 1334 1178 1402; x_wconf 89' lang='lat' dir='ltr'><strong>edit</strong></span> <span class='ocrx_word' id='word_1_56' title='bbox 1201 1342 1233 1403; x_wconf 86' lang='lat' dir='ltr'><strong>et</strong></span> <span class='ocrx_word' id='word_1_57' title='bbox 1254 1338 1370 1405; x_wconf 89' lang='lat' dir='ltr'><strong>flocces</strong></span> 
     </span>
     <span class='ocr_line' id='line_1_9' title="bbox 223 1441 1370 1531; baseline 0.004 -25"><span class='ocrx_word' id='word_1_58' title='bbox 223 1441 334 1507; x_wconf 77' lang='lat' dir='ltr'><strong>bibit».</strong></span> <span class='ocrx_word' id='word_1_59' title='bbox 385 1441 592 1528; x_wconf 83' lang='lat' dir='ltr'><strong>Aspexerunt</strong></span> <span class='ocrx_word' id='word_1_60' title='bbox 619 1465 732 1508; x_wconf 90' lang='lat' dir='ltr'><strong>omnes</strong></span> <span class='ocrx_word' id='word_1_61' title='bbox 761 1443 817 1529; x_wconf 92' lang='lat' dir='ltr'><strong>qui</strong></span> <span class='ocrx_word' id='word_1_62' title='bbox 845 1443 980 1508; x_wconf 88' lang='lat' dir='ltr'><strong>aderant</strong></span> <span class='ocrx_word' id='word_1_63' title='bbox 1007 1445 1090 1508; x_wconf 90' lang='lat' dir='ltr'><strong>alius</strong></span> <span class='ocrx_word' id='word_1_64' title='bbox 1119 1443 1233 1525; x_wconf 86' lang='lat' dir='ltr'><strong>alium,</strong></span> <span class='ocrx_word' id='word_1_65' title='bbox 1264 1447 1370 1531; x_wconf 90' lang='lat' dir='ltr'><strong>primo</strong></span> 
     </span>
     <span class='ocr_line' id='line_1_10' title="bbox 223 1545 1371 1638; baseline 0.004 -25"><span class='ocrx_word' id='word_1_66' title='bbox 223 1549 385 1616; x_wconf 74' lang='lat' dir='ltr'><strong>tristiores</strong></span> <span class='ocrx_word' id='word_1_67' title='bbox 404 1545 538 1616; x_wconf 78' lang='lat' dir='ltr'><strong>turbato</strong></span> <span class='ocrx_word' id='word_1_68' title='bbox 558 1553 591 1615; x_wconf 86' lang='lat' dir='ltr'><strong>et</strong></span> <span class='ocrx_word' id='word_1_69' title='bbox 609 1549 791 1636; x_wconf 76' lang='lat' dir='ltr'><strong>requirente</strong></span> <span class='ocrx_word' id='word_1_70' title='bbox 810 1550 912 1635; x_wconf 90' lang='lat' dir='ltr'><strong>uoltu,</strong></span> <span class='ocrx_word' id='word_1_71' title='bbox 931 1549 1084 1634; x_wconf 82' lang='lat' dir='ltr'><strong>quidnam</strong></span> <span class='ocrx_word' id='word_1_72' title='bbox 1103 1551 1184 1616; x_wconf 92' lang='lat' dir='ltr'><strong>illud</strong></span> <span class='ocrx_word' id='word_1_73' title='bbox 1203 1552 1371 1638; x_wconf 90' lang='lat' dir='ltr'><strong>utriusque</strong></span> 
     </span>
     <span class='ocr_line' id='line_1_11' title="bbox 224 1656 1372 1744; baseline 0.002 -22"><span class='ocrx_word' id='word_1_74' title='bbox 224 1657 317 1723; x_wconf 88' lang='lat' dir='ltr'><strong>uerbi</strong></span> <span class='ocrx_word' id='word_1_75' title='bbox 340 1657 437 1723; x_wconf 88' lang='lat' dir='ltr'><strong>foret:</strong></span> <span class='ocrx_word' id='word_1_76' title='bbox 465 1661 542 1742; x_wconf 87' lang='lat' dir='ltr'><strong>post</strong></span> <span class='ocrx_word' id='word_1_77' title='bbox 565 1659 689 1742; x_wconf 90' lang='lat' dir='ltr'><strong>deinde,</strong></span> <span class='ocrx_word' id='word_1_78' title='bbox 712 1658 805 1742; x_wconf 84' lang='lat' dir='ltr'><strong>quasi</strong></span> <span class='ocrx_word' id='word_1_79' title='bbox 827 1656 937 1722; x_wconf 88' lang='lat' dir='ltr'><strong>nescio</strong></span> <span class='ocrx_word' id='word_1_80' title='bbox 960 1656 1037 1742; x_wconf 91' lang='lat' dir='ltr'><strong>quid</strong></span> <span class='ocrx_word' id='word_1_81' title='bbox 1060 1661 1151 1724; x_wconf 87' lang='lat' dir='ltr'><strong>tusce</strong></span> <span class='ocrx_word' id='word_1_82' title='bbox 1175 1662 1232 1723; x_wconf 90' lang='lat' dir='ltr'><strong>aut</strong></span> <span class='ocrx_word' id='word_1_83' title='bbox 1254 1659 1372 1744; x_wconf 87' lang='lat' dir='ltr'><strong>gallice</strong></span> 
     </span>
     <span class='ocr_line' id='line_1_12' title="bbox 224 1763 1425 1850; baseline 0 -22"><span class='ocrx_word' id='word_1_84' title='bbox 224 1763 374 1848; x_wconf 79' lang='lat' dir='ltr'><strong>dixisset,</strong></span> <span class='ocrx_word' id='word_1_85' title='bbox 400 1765 543 1830; x_wconf 89' lang='lat' dir='ltr'><strong>uniuersi</strong></span> <span class='ocrx_word' id='word_1_86' title='bbox 571 1765 721 1830; x_wconf 88' lang='lat' dir='ltr'><strong>riserunt.</strong></span> <span class='ocrx_word' id='word_1_87' title='bbox 767 1763 907 1849; x_wconf 76' lang='lat' dir='ltr'><strong>Legerat</strong></span> <span class='ocrx_word' id='word_1_88' title='bbox 935 1767 1044 1828; x_wconf 90' lang='lat' dir='ltr'><strong>autem</strong></span> <span class='ocrx_word' id='word_1_89' title='bbox 1070 1763 1127 1828; x_wconf 88' lang='lat' dir='ltr'><strong>ille</strong></span> <span class='ocrx_word' id='word_1_90' title='bbox 1150 1764 1371 1850; x_wconf 72' lang='lat' dir='ltr'><strong>«apludam»</strong></span> <span class='ocrx_word' id='word_1_91' title='bbox 1392 1765 1425 1814; x_wconf 75' lang='lat'><strong>12</strong></span> 
     </span>
     <span class='ocr_line' id='line_1_13' title="bbox 223 1871 1372 1958; baseline 0.002 -22"><span class='ocrx_word' id='word_1_92' title='bbox 223 1875 351 1938; x_wconf 85' lang='lat' dir='ltr'><strong>ueteres</strong></span> <span class='ocrx_word' id='word_1_93' title='bbox 374 1873 513 1938; x_wconf 87' lang='lat' dir='ltr'><strong>rusticos</strong></span> <span class='ocrx_word' id='word_1_94' title='bbox 536 1871 690 1938; x_wconf 84' lang='lat' dir='ltr'><strong>frumenti</strong></span> <span class='ocrx_word' id='word_1_95' title='bbox 712 1872 869 1937; x_wconf 86' lang='lat' dir='ltr'><strong>furfurem</strong></span> <span class='ocrx_word' id='word_1_96' title='bbox 893 1872 1013 1937; x_wconf 85' lang='lat' dir='ltr'><strong>dixisse</strong></span> <span class='ocrx_word' id='word_1_97' title='bbox 1035 1872 1131 1958; x_wconf 93' lang='lat' dir='ltr'><strong>idque</strong></span> <span class='ocrx_word' id='word_1_98' title='bbox 1157 1897 1177 1938; x_wconf 92' lang='lat' dir='ltr'><strong>a</strong></span> <span class='ocrx_word' id='word_1_99' title='bbox 1194 1871 1312 1938; x_wconf 86' lang='lat' dir='ltr'><strong>Plauto</strong></span> <span class='ocrx_word' id='word_1_100' title='bbox 1336 1873 1372 1938; x_wconf 92' lang='lat' dir='ltr'><strong>in</strong></span> 
     </span>
     <span class='ocr_line' id='line_1_14' title="bbox 225 1977 1373 2065; baseline -0.001 -19"><span class='ocrx_word' id='word_1_101' title='bbox 225 1981 404 2064; x_wconf 82' lang='lat' dir='ltr'><strong>comoedia,</strong></span> <span class='ocrx_word' id='word_1_102' title='bbox 429 1979 457 2045; x_wconf 90' lang='lat' dir='ltr'><strong>si</strong></span> <span class='ocrx_word' id='word_1_103' title='bbox 480 2001 519 2044; x_wconf 91' lang='lat' dir='ltr'><strong>ea</strong></span> <span class='ocrx_word' id='word_1_104' title='bbox 540 1979 650 2044; x_wconf 91' lang='lat' dir='ltr'><strong>Plauti</strong></span> <span class='ocrx_word' id='word_1_105' title='bbox 672 1981 723 2044; x_wconf 88' lang='lat' dir='ltr'><strong>est</strong></span> <span class='ocrx_word' id='word_1_106' title='bbox 746 2001 828 2064; x_wconf 90' lang='lat' dir='ltr'><strong>quae</strong></span> <span class='ocrx_word' id='word_1_107' title='bbox 851 1977 1029 2045; x_wconf 78' lang='lat' dir='ltr'><strong>‹Astrabe›</strong></span> <span class='ocrx_word' id='word_1_108' title='bbox 1052 1979 1213 2064; x_wconf 83' lang='lat' dir='ltr'><strong>inscripta</strong></span> <span class='ocrx_word' id='word_1_109' title='bbox 1235 1984 1293 2064; x_wconf 90' lang='lat' dir='ltr'><strong>est,</strong></span> <span class='ocrx_word' id='word_1_110' title='bbox 1316 2001 1373 2065; x_wconf 91' lang='lat' dir='ltr'><strong>po·</strong></span> 
     </span>
     <span class='ocr_line' id='line_1_15' title="bbox 227 2084 1373 2174; baseline 0.001 -24"><span class='ocrx_word' id='word_1_111' title='bbox 227 2087 325 2151; x_wconf 89' lang='lat' dir='ltr'><strong>situm</strong></span> <span class='ocrx_word' id='word_1_112' title='bbox 349 2107 427 2151; x_wconf 87' lang='lat' dir='ltr'><strong>esse.</strong></span> <span class='ocrx_word' id='word_1_113' title='bbox 462 2085 547 2151; x_wconf 88' lang='lat' dir='ltr'><strong>Item</strong></span> <span class='ocrx_word' id='word_1_114' title='bbox 570 2085 731 2151; x_wconf 78' lang='lat' dir='ltr'><strong>‹flocces›’</strong></span> <span class='ocrx_word' id='word_1_115' title='bbox 756 2107 782 2150; x_wconf 93' lang='lat' dir='ltr'><strong>e.</strong></span> <span class='ocrx_word' id='word_1_116' title='bbox 804 2109 834 2172; x_wconf 92' lang='lat' dir='ltr'><strong>q.</strong></span> <span class='ocrx_word' id='word_1_117' title='bbox 858 2109 883 2151; x_wconf 87' lang='lat' dir='ltr'><strong>s.</strong></span> <span class='ocrx_word' id='word_1_118' title='bbox 906 2125 949 2132; x_wconf 98' lang='lat'><em>-</em></span> <span class='ocrx_word' id='word_1_119' title='bbox 972 2084 1099 2152; x_wconf 86' lang='lat' dir='ltr'><strong>Nonius</strong></span> <span class='ocrx_word' id='word_1_120' title='bbox 1122 2108 1154 2171; x_wconf 89' lang='lat' dir='ltr'><strong>p.</strong></span> <span class='ocrx_word' id='word_1_121' title='bbox 1177 2087 1229 2174; x_wconf 80' lang='lat'><strong>69,</strong></span> <span class='ocrx_word' id='word_1_122' title='bbox 1252 2088 1293 2153; x_wconf 88' lang='lat'><strong>31</strong></span> <span class='ocrx_word' id='word_1_123' title='bbox 1313 2107 1373 2172; x_wconf 73' lang='lat' dir='ltr'><strong>sq:</strong></span> 
     </span>
    </p>

    <p class='ocr_par' dir='ltr' id='par_1_4' title="bbox 136 2191 1483 3452">
     <span class='ocr_line' id='line_1_16' title="bbox 136 2191 1373 2278; baseline 0.002 -21"><span class='ocrx_word' id='word_1_124' title='bbox 136 2265 138 2268; x_wconf 52' lang='grc'><strong>,</strong></span> <span class='ocrx_word' id='word_1_125' title='bbox 227 2191 403 2278; x_wconf 80' lang='lat' dir='ltr'><strong>‘apludas</strong></span> <span class='ocrx_word' id='word_1_126' title='bbox 437 2192 591 2257; x_wconf 88' lang='lat' dir='ltr'><strong>frumenti</strong></span> <span class='ocrx_word' id='word_1_127' title='bbox 618 2191 758 2257; x_wconf 84' lang='lat' dir='ltr'><strong>furfures</strong></span> <span class='ocrx_word' id='word_1_128' title='bbox 787 2193 898 2258; x_wconf 90' lang='lat' dir='ltr'><strong>dicunt</strong></span> <span class='ocrx_word' id='word_1_129' title='bbox 924 2193 1039 2258; x_wconf 79' lang='lat' dir='ltr'><strong>rustici</strong></span> <span class='ocrx_word' id='word_1_130' title='bbox 1066 2195 1201 2258; x_wconf 88' lang='lat' dir='ltr'><strong>ueteres.</strong></span> <span class='ocrx_word' id='word_1_131' title='bbox 1246 2193 1309 2260; x_wconf 90' lang='lat' dir='ltr'><strong>hoc</strong></span> <span class='ocrx_word' id='word_1_132' title='bbox 1338 2195 1373 2260; x_wconf 92' lang='lat' dir='ltr'><strong>in</strong></span> 
     </span>
     <span class='ocr_line' id='line_1_17' title="bbox 227 2298 1374 2384; baseline 0.002 -21"><span class='ocrx_word' id='word_1_133' title='bbox 227 2299 368 2383; x_wconf 89' lang='lat' dir='ltr'><strong>antiquis</strong></span> <span class='ocrx_word' id='word_1_134' title='bbox 387 2299 562 2383; x_wconf 87' lang='lat' dir='ltr'><strong>inuenitur,</strong></span> <span class='ocrx_word' id='word_1_135' title='bbox 581 2321 718 2384; x_wconf 89' lang='lat' dir='ltr'><strong>quorum</strong></span> <span class='ocrx_word' id='word_1_136' title='bbox 736 2299 771 2364; x_wconf 90' lang='lat' dir='ltr'><strong>in</strong></span> <span class='ocrx_word' id='word_1_137' title='bbox 788 2298 887 2364; x_wconf 90' lang='lat' dir='ltr'><strong>dubio</strong></span> <span class='ocrx_word' id='word_1_138' title='bbox 907 2303 957 2364; x_wconf 87' lang='lat' dir='ltr'><strong>est</strong></span> <span class='ocrx_word' id='word_1_139' title='bbox 971 2299 1155 2364; x_wconf 83' lang='lat' dir='ltr'><strong>auctoritas.</strong></span> <span class='ocrx_word' id='word_1_140' title='bbox 1180 2321 1374 2384; x_wconf 89' lang='lat' dir='ltr'><strong>quamquam</strong></span> 
     </span>
     <span class='ocr_line' id='line_1_18' title="bbox 227 2405 1375 2490; baseline 0.003 -21"><span class='ocrx_word' id='word_1_141' title='bbox 227 2409 261 2469; x_wconf 87' lang='lat' dir='ltr'><strong>et</strong></span> <span class='ocrx_word' id='word_1_142' title='bbox 282 2405 418 2470; x_wconf 87' lang='lat' dir='ltr'><strong>Plautus</strong></span> <span class='ocrx_word' id='word_1_143' title='bbox 441 2407 476 2471; x_wconf 93' lang='lat' dir='ltr'><strong>in</strong></span> <span class='ocrx_word' id='word_1_144' title='bbox 499 2405 643 2472; x_wconf 80' lang='lat' dir='ltr'><strong>Astraba</strong></span> <span class='ocrx_word' id='word_1_145' title='bbox 665 2405 776 2471; x_wconf 87' lang='lat' dir='ltr'><strong>fabula</strong></span> <span class='ocrx_word' id='word_1_146' title='bbox 798 2405 846 2470; x_wconf 86' lang='lat' dir='ltr'><strong>ita</strong></span> <span class='ocrx_word' id='word_1_147' title='bbox 869 2405 1001 2490; x_wconf 84' lang='lat' dir='ltr'><strong>dixerit,</strong></span> <span class='ocrx_word' id='word_1_148' title='bbox 1029 2406 1119 2470; x_wconf 88' lang='lat' dir='ltr'><strong>cuius</strong></span> <span class='ocrx_word' id='word_1_149' title='bbox 1143 2405 1301 2472; x_wconf 89' lang='lat' dir='ltr'><strong>incertum</strong></span> <span class='ocrx_word' id='word_1_150' title='bbox 1325 2411 1375 2473; x_wconf 78' lang='lat' dir='ltr'><strong>est</strong></span> 
     </span>
     <span class='ocr_line' id='line_1_19' title="bbox 228 2513 1375 2600; baseline 0.002 -22"><span class='ocrx_word' id='word_1_151' title='bbox 228 2535 269 2578; x_wconf 90' lang='lat' dir='ltr'><strong>an</strong></span> <span class='ocrx_word' id='word_1_152' title='bbox 292 2513 336 2578; x_wconf 88' lang='lat' dir='ltr'><strong>sit</strong></span> <span class='ocrx_word' id='word_1_153' title='bbox 359 2535 397 2578; x_wconf 87' lang='lat' dir='ltr'><strong>ea</strong></span> <span class='ocrx_word' id='word_1_154' title='bbox 419 2513 598 2579; x_wconf 85' lang='lat' dir='ltr'><strong>comoedia:</strong></span> <span class='ocrx_word' id='word_1_155' title='bbox 622 2518 719 2600; x_wconf 91' lang='lat' dir='ltr'><strong>atque</strong></span> <span class='ocrx_word' id='word_1_156' title='bbox 741 2515 814 2580; x_wconf 91' lang='lat' dir='ltr'><strong>ideo</strong></span> <span class='ocrx_word' id='word_1_157' title='bbox 837 2537 949 2580; x_wconf 89' lang='lat' dir='ltr'><strong>uersus</strong></span> <span class='ocrx_word' id='word_1_158' title='bbox 974 2536 1029 2580; x_wconf 88' lang='lat' dir='ltr'><strong>eos</strong></span> <span class='ocrx_word' id='word_1_159' title='bbox 1052 2534 1171 2598; x_wconf 90' lang='lat' dir='ltr'><strong>ponere</strong></span> <span class='ocrx_word' id='word_1_160' title='bbox 1194 2515 1375 2599; x_wconf 87' lang='lat' dir='ltr'><strong>supersedi·</strong></span> 
     </span>
     <span class='ocr_line' id='line_1_20' title="bbox 228 2618 1375 2707; baseline 0.003 -24"><span class='ocrx_word' id='word_1_161' title='bbox 228 2618 321 2684; x_wconf 88' lang='lat' dir='ltr'><strong>mus&#39;.</strong></span> <span class='ocrx_word' id='word_1_162' title='bbox 366 2618 432 2686; x_wconf 90' lang='lat' dir='ltr'><strong>Vbi</strong></span> <span class='ocrx_word' id='word_1_163' title='bbox 464 2642 550 2685; x_wconf 90' lang='lat' dir='ltr'><strong>nunc</strong></span> <span class='ocrx_word' id='word_1_164' title='bbox 582 2641 631 2686; x_wconf 88' lang='lat' dir='ltr'><strong>eos</strong></span> <span class='ocrx_word' id='word_1_165' title='bbox 663 2621 779 2707; x_wconf 85' lang='lat' dir='ltr'><strong>scripsi</strong></span> <span class='ocrx_word' id='word_1_166' title='bbox 811 2643 869 2705; x_wconf 89' lang='lat' dir='ltr'><strong>pro</strong></span> <span class='ocrx_word' id='word_1_167' title='bbox 901 2621 1032 2699; x_wconf 60' lang='lat' dir='ltr'><strong>eosdm</strong></span> <span class='ocrx_word' id='word_1_168' title='bbox 1064 2641 1100 2685; x_wconf 84' lang='lat' dir='ltr'><strong>ca</strong></span> <span class='ocrx_word' id='word_1_169' title='bbox 1128 2643 1187 2705; x_wconf 90' lang='lat' dir='ltr'><strong>pro</strong></span> <span class='ocrx_word' id='word_1_170' title='bbox 1216 2622 1281 2687; x_wconf 84' lang='lat' dir='ltr'><strong>cius</strong></span> <span class='ocrx_word' id='word_1_171' title='bbox 1308 2621 1375 2687; x_wconf 89' lang='lat' dir='ltr'><strong>iam</strong></span> 
     </span>
     <span class='ocr_line' id='line_1_21' title="bbox 228 2725 1375 2812; baseline 0.003 -22"><span class='ocrx_word' id='word_1_172' title='bbox 228 2725 360 2812; x_wconf 89' lang='lat' dir='ltr'><strong>Parerg.</strong></span> <span class='ocrx_word' id='word_1_173' title='bbox 383 2749 413 2811; x_wconf 91' lang='lat' dir='ltr'><strong>p.</strong></span> <span class='ocrx_word' id='word_1_174' title='bbox 440 2727 501 2792; x_wconf 87' lang='grc'><strong>131</strong></span> <span class='ocrx_word' id='word_1_175' title='bbox 526 2728 742 2793; x_wconf 77' lang='lat' dir='ltr'><strong>restituerem.</strong></span> <span class='ocrx_word' id='word_1_176' title='bbox 787 2727 910 2793; x_wconf 85' lang='lat' dir='ltr'><strong>Versus</strong></span> <span class='ocrx_word' id='word_1_177' title='bbox 934 2730 1044 2792; x_wconf 91' lang='lat' dir='ltr'><strong>autem</strong></span> <span class='ocrx_word' id='word_1_178' title='bbox 1063 2725 1233 2793; x_wconf 86' lang='lat' dir='ltr'><strong>Plautinos</strong></span> <span class='ocrx_word' id='word_1_179' title='bbox 1256 2750 1375 2812; x_wconf 88' lang='lat' dir='ltr'><strong>ponere</strong></span> 
     </span>
     <span class='ocr_line' id='line_1_22' title="bbox 229 2831 1376 2918; baseline 0.002 -22"><span class='ocrx_word' id='word_1_180' title='bbox 229 2832 348 2897; x_wconf 92' lang='lat' dir='ltr'><strong>nebulo</strong></span> <span class='ocrx_word' id='word_1_181' title='bbox 380 2831 506 2898; x_wconf 88' lang='lat' dir='ltr'><strong>Nonius</strong></span> <span class='ocrx_word' id='word_1_182' title='bbox 539 2834 664 2899; x_wconf 88' lang='lat' dir='ltr'><strong>scilicet</strong></span> <span class='ocrx_word' id='word_1_183' title='bbox 697 2831 969 2918; x_wconf 78' lang='lat' dir='ltr'><strong>‘supersedebat&#39;,</strong></span> <span class='ocrx_word' id='word_1_184' title='bbox 1002 2832 1087 2918; x_wconf 93' lang='lat' dir='ltr'><strong>quod</strong></span> <span class='ocrx_word' id='word_1_185' title='bbox 1121 2834 1206 2917; x_wconf 87' lang='lat' dir='ltr'><strong>apud</strong></span> <span class='ocrx_word' id='word_1_186' title='bbox 1237 2833 1376 2900; x_wconf 84' lang='lat' dir='ltr'><strong>Gellium</strong></span> 
     </span>
     <span class='ocr_line' id='line_1_23' title="bbox 228 2939 1483 3038; baseline 0.002 -34"><span class='ocrx_word' id='word_1_187' title='bbox 228 2939 335 3006; x_wconf 88' lang='lat' dir='ltr'><strong>nullos</strong></span> <span class='ocrx_word' id='word_1_188' title='bbox 354 2941 479 3024; x_wconf 90' lang='lat' dir='ltr'><strong>positos</strong></span> <span class='ocrx_word' id='word_1_189' title='bbox 498 2941 682 3006; x_wconf 84' lang='lat' dir='ltr'><strong>invenisset.</strong></span> <span class='ocrx_word' id='word_1_190' title='bbox 702 2979 745 2988; x_wconf 84' lang='lat'><strong>——</strong></span> <span class='ocrx_word' id='word_1_191' title='bbox 764 2940 815 3006; x_wconf 84' lang='lat' dir='ltr'><strong>Ad</strong></span> <span class='ocrx_word' id='word_1_192' title='bbox 836 2941 987 3005; x_wconf 90' lang='lat' dir='ltr'><strong>Plautum</strong></span> <span class='ocrx_word' id='word_1_193' title='bbox 1006 2939 1092 3004; x_wconf 87' lang='lat' dir='ltr'><strong>haud</strong></span> <span class='ocrx_word' id='word_1_194' title='bbox 1112 2939 1207 3005; x_wconf 88' lang='lat' dir='ltr'><strong>dubie</strong></span> <span class='ocrx_word' id='word_1_195' title='bbox 1227 2945 1377 3026; x_wconf 87' lang='lat' dir='ltr'><strong>spectant</strong></span> <span class='ocrx_word' id='word_1_196' title='bbox 1476 3023 1483 3038; x_wconf 32' lang='grc' dir='ltr'><strong><em>Ι</em></strong></span> 
     </span>
     <span class='ocr_line' id='line_1_24' title="bbox 229 3045 1376 3133; baseline 0.004 -24"><span class='ocrx_word' id='word_1_197' title='bbox 229 3045 354 3110; x_wconf 89' lang='lat' dir='ltr'><strong>Placidi</strong></span> <span class='ocrx_word' id='word_1_198' title='bbox 377 3047 505 3132; x_wconf 83' lang='lat' dir='ltr'><strong>glossae</strong></span> <span class='ocrx_word' id='word_1_199' title='bbox 529 3047 675 3131; x_wconf 82' lang='lat' dir='ltr'><strong>quamvis</strong></span> <span class='ocrx_word' id='word_1_200' title='bbox 699 3047 817 3112; x_wconf 86' lang='lat' dir='ltr'><strong>vitiose</strong></span> <span class='ocrx_word' id='word_1_201' title='bbox 841 3047 981 3132; x_wconf 86' lang='lat' dir='ltr'><strong>scriptae</strong></span> <span class='ocrx_word' id='word_1_202' title='bbox 1001 3047 1121 3132; x_wconf 83' lang='lat' dir='ltr'><strong>p.433,</strong></span> <span class='ocrx_word' id='word_1_203' title='bbox 1137 3047 1179 3112; x_wconf 91' lang='grc'><strong>14</strong></span> <span class='ocrx_word' id='word_1_204' title='bbox 1198 3051 1229 3112; x_wconf 88' lang='lat' dir='ltr'><strong>et</strong></span> <span class='ocrx_word' id='word_1_205' title='bbox 1247 3049 1322 3133; x_wconf 83' lang='lat'><strong>433,</strong></span> <span class='ocrx_word' id='word_1_206' title='bbox 1341 3049 1376 3114; x_wconf 82' lang='lat'><strong>3:</strong></span> 
     </span>
     <span class='ocr_line' id='line_1_25' title="bbox 230 3151 1376 3238; baseline 0.005 -23"><span class='ocrx_word' id='word_1_207' title='bbox 230 3151 402 3238; x_wconf 75' lang='lat' dir='ltr'><strong>‘apluda,</strong></span> <span class='ocrx_word' id='word_1_208' title='bbox 420 3153 590 3238; x_wconf 84' lang='lat' dir='ltr'><strong>furfurina,</strong></span> <span class='ocrx_word' id='word_1_209' title='bbox 610 3153 668 3218; x_wconf 88' lang='lat' dir='ltr'><strong>alii</strong></span> <span class='ocrx_word' id='word_1_210' title='bbox 682 3153 801 3237; x_wconf 88' lang='lat' dir='ltr'><strong>panici’</strong></span> <span class='ocrx_word' id='word_1_211' title='bbox 818 3157 850 3219; x_wconf 91' lang='lat' dir='ltr'><strong>et</strong></span> <span class='ocrx_word' id='word_1_212' title='bbox 865 3153 1076 3236; x_wconf 73' lang='lat' dir='ltr'><strong>‘abludam,</strong></span> <span class='ocrx_word' id='word_1_213' title='bbox 1094 3153 1243 3237; x_wconf 86' lang='lat' dir='ltr'><strong>paleem’.</strong></span> <span class='ocrx_word' id='word_1_214' title='bbox 1275 3154 1376 3232; x_wconf 81' lang='lat' dir='ltr'><strong>Quos-</strong></span> 
     </span>
     <span class='ocr_line' id='line_1_26' title="bbox 229 3258 1377 3346; baseline 0.004 -24"><span class='ocrx_word' id='word_1_215' title='bbox 229 3258 302 3323; x_wconf 93' lang='lat' dir='ltr'><strong>dam</strong></span> <span class='ocrx_word' id='word_1_216' title='bbox 333 3261 419 3324; x_wconf 91' lang='lat' dir='ltr'><strong>enim</strong></span> <span class='ocrx_word' id='word_1_217' title='bbox 445 3283 511 3326; x_wconf 91' lang='lat' dir='ltr'><strong>non</strong></span> <span class='ocrx_word' id='word_1_218' title='bbox 538 3265 607 3324; x_wconf 88' lang='lat' dir='ltr'><strong>tam</strong></span> <span class='ocrx_word' id='word_1_219' title='bbox 631 3259 789 3325; x_wconf 84' lang='lat' dir='ltr'><strong>furfurem</strong></span> <span class='ocrx_word' id='word_1_220' title='bbox 817 3282 913 3344; x_wconf 88' lang='lat' dir='ltr'><strong>quam</strong></span> <span class='ocrx_word' id='word_1_221' title='bbox 937 3261 1065 3346; x_wconf 88' lang='lat' dir='ltr'><strong>paleam</strong></span> <span class='ocrx_word' id='word_1_222' title='bbox 1089 3260 1198 3344; x_wconf 88' lang='lat' dir='ltr'><strong>potius</strong></span> <span class='ocrx_word' id='word_1_223' title='bbox 1221 3259 1377 3345; x_wconf 90' lang='lat' dir='ltr'><strong>interpre-</strong></span> 
     </span>
     <span class='ocr_line' id='line_1_27' title="bbox 230 3365 1374 3452; baseline 0.003 -22"><span class='ocrx_word' id='word_1_224' title='bbox 230 3367 318 3431; x_wconf 85' lang='lat' dir='ltr'><strong>tatos</strong></span> <span class='ocrx_word' id='word_1_225' title='bbox 355 3389 441 3450; x_wconf 88' lang='lat' dir='ltr'><strong>esse,</strong></span> <span class='ocrx_word' id='word_1_226' title='bbox 477 3389 549 3432; x_wconf 90' lang='lat' dir='ltr'><strong>eum</strong></span> <span class='ocrx_word' id='word_1_227' title='bbox 587 3389 604 3430; x_wconf 92' lang='lat' dir='ltr'><strong>e</strong></span> <span class='ocrx_word' id='word_1_228' title='bbox 637 3365 727 3432; x_wconf 86' lang='lat' dir='ltr'><strong>Festi</strong></span> <span class='ocrx_word' id='word_1_229' title='bbox 759 3367 903 3450; x_wconf 81' lang='lat' dir='ltr'><strong>epitoma</strong></span> <span class='ocrx_word' id='word_1_230' title='bbox 934 3389 964 3450; x_wconf 90' lang='lat' dir='ltr'><strong>p.</strong></span> <span class='ocrx_word' id='word_1_231' title='bbox 999 3367 1055 3449; x_wconf 87' lang='lat'><strong>10,</strong></span> <span class='ocrx_word' id='word_1_232' title='bbox 1090 3365 1131 3429; x_wconf 87' lang='lat'><strong>14</strong></span> <span class='ocrx_word' id='word_1_233' title='bbox 1162 3365 1374 3452; x_wconf 87' lang='lat' dir='ltr'><strong>intellegItur:</strong></span> 
     </span>
    </p>
   </div>
   <div class='ocr_carea' id='block_1_4' title="bbox 232 3469 1377 3664">
    <p class='ocr_par' dir='ltr' id='par_1_5' title="bbox 232 3469 1377 3664">
     <span class='ocr_line' id='line_1_28' title="bbox 232 3469 1377 3559; baseline 0.002 -23"><span class='ocrx_word' id='word_1_234' title='bbox 232 3469 390 3556; x_wconf 76' lang='lat' dir='ltr'><strong>‘apluda</strong></span> <span class='ocrx_word' id='word_1_235' title='bbox 414 3477 464 3538; x_wconf 82' lang='lat' dir='ltr'><strong>est</strong></span> <span class='ocrx_word' id='word_1_236' title='bbox 487 3494 588 3559; x_wconf 90' lang='lat' dir='ltr'><strong>genus</strong></span> <span class='ocrx_word' id='word_1_237' title='bbox 612 3473 851 3539; x_wconf 89' lang='lat' dir='ltr'><strong>minutissimae</strong></span> <span class='ocrx_word' id='word_1_238' title='bbox 869 3474 981 3558; x_wconf 88' lang='lat' dir='ltr'><strong>paleae</strong></span> <span class='ocrx_word' id='word_1_239' title='bbox 999 3471 1154 3538; x_wconf 84' lang='lat' dir='ltr'><strong>frumenti</strong></span> <span class='ocrx_word' id='word_1_240' title='bbox 1173 3471 1241 3537; x_wconf 85' lang='lat' dir='ltr'><strong>sive</strong></span> <span class='ocrx_word' id='word_1_241' title='bbox 1259 3474 1377 3557; x_wconf 87' lang='lat' dir='ltr'><strong>panici,</strong></span> 
     </span>
     <span class='ocr_line' id='line_1_29' title="bbox 232 3577 1377 3664; baseline 0 -21"><span class='ocrx_word' id='word_1_242' title='bbox 232 3577 270 3643; x_wconf 91' lang='lat' dir='ltr'><strong>de</strong></span> <span class='ocrx_word' id='word_1_243' title='bbox 299 3601 363 3664; x_wconf 93' lang='lat' dir='ltr'><strong>qua</strong></span> <span class='ocrx_word' id='word_1_244' title='bbox 384 3578 544 3645; x_wconf 88' lang='lat' dir='ltr'><strong>Naeuius:</strong></span> <span class='ocrx_word' id='word_1_245' title='bbox 574 3603 658 3646; x_wconf 77' lang='lat' dir='ltr'><strong>cnon</strong></span> <span class='ocrx_word' id='word_1_246' title='bbox 679 3581 786 3652; x_wconf 87' lang='lat' dir='ltr'><strong>hercle</strong></span> <span class='ocrx_word' id='word_1_247' title='bbox 811 3580 931 3664; x_wconf 89' lang='lat' dir='ltr'><strong>apluda</strong></span> <span class='ocrx_word' id='word_1_248' title='bbox 953 3581 1003 3644; x_wconf 89' lang='lat' dir='ltr'><strong>est</strong></span> <span class='ocrx_word' id='word_1_249' title='bbox 1025 3579 1120 3644; x_wconf 89' lang='lat' dir='ltr'><strong>hodie</strong></span> <span class='ocrx_word' id='word_1_250' title='bbox 1143 3600 1240 3663; x_wconf 89' lang='lat' dir='ltr'><strong>quam</strong></span> <span class='ocrx_word' id='word_1_251' title='bbox 1263 3583 1299 3644; x_wconf 89' lang='lat' dir='ltr'><strong>tu</strong></span> <span class='ocrx_word' id='word_1_252' title='bbox 1322 3601 1377 3643; x_wconf 91' lang='lat' dir='ltr'><strong>ne-</strong></span> 
     </span>
    </p>
   </div>
   <div class='ocr_carea' id='block_1_5' title="bbox 231 3683 1377 3879">
    <p class='ocr_par' dir='ltr' id='par_1_6' title="bbox 231 3683 1377 3879">
     <span class='ocr_line' id='line_1_30' title="bbox 231 3683 1377 3770; baseline -0.001 -21"><span class='ocrx_word' id='word_1_253' title='bbox 231 3684 363 3770; x_wconf 75' lang='lat' dir='ltr'><strong>quion’,</strong></span> <span class='ocrx_word' id='word_1_254' title='bbox 385 3689 455 3752; x_wconf 91' lang='lat' dir='ltr'><strong>tum</strong></span> <span class='ocrx_word' id='word_1_255' title='bbox 478 3686 578 3754; x_wconf 89' lang='lat' dir='ltr'><strong>Plinii</strong></span> <span class='ocrx_word' id='word_1_256' title='bbox 600 3686 788 3752; x_wconf 85' lang='lat' dir='ltr'><strong>testimonio</strong></span> <span class='ocrx_word' id='word_1_257' title='bbox 810 3688 959 3751; x_wconf 88' lang='lat' dir='ltr'><strong>firmatur</strong></span> <span class='ocrx_word' id='word_1_258' title='bbox 981 3683 1058 3752; x_wconf 90' lang='lat' dir='ltr'><strong>Nat.</strong></span> <span class='ocrx_word' id='word_1_259' title='bbox 1080 3684 1157 3749; x_wconf 88' lang='lat' dir='ltr'><strong>hist.</strong></span> <span class='ocrx_word' id='word_1_260' title='bbox 1176 3683 1298 3768; x_wconf 88' lang='lat' dir='ltr'><strong>XVIII,</strong></span> <span class='ocrx_word' id='word_1_261' title='bbox 1317 3685 1377 3750; x_wconf 86' lang='lat'><strong>99:</strong></span> 
     </span>
     <span class='ocr_line' id='line_1_31' title="bbox 232 3788 1376 3879; baseline -0.002 -21"><span class='ocrx_word' id='word_1_262' title='bbox 232 3791 313 3858; x_wconf 76' lang='lat' dir='ltr'><strong>‘mili</strong></span> <span class='ocrx_word' id='word_1_263' title='bbox 345 3797 379 3859; x_wconf 91' lang='lat' dir='ltr'><strong>et</strong></span> <span class='ocrx_word' id='word_1_264' title='bbox 404 3795 513 3879; x_wconf 88' lang='lat' dir='ltr'><strong>panici</strong></span> <span class='ocrx_word' id='word_1_265' title='bbox 540 3799 573 3860; x_wconf 90' lang='lat' dir='ltr'><strong>et</strong></span> <span class='ocrx_word' id='word_1_266' title='bbox 600 3795 736 3860; x_wconf 82' lang='lat' dir='ltr'><strong>resimae</strong></span> <span class='ocrx_word' id='word_1_267' title='bbox 762 3795 978 3879; x_wconf 89' lang='lat' dir='ltr'><strong>purgamenta</strong></span> <span class='ocrx_word' id='word_1_268' title='bbox 1006 3791 1158 3876; x_wconf 88' lang='lat' dir='ltr'><strong>apludam</strong></span> <span class='ocrx_word' id='word_1_269' title='bbox 1188 3788 1376 3877; x_wconf 89' lang='lat' dir='ltr'><strong>(adpludam</strong></span> 
     </span>
    </p>
   </div>
   <div class='ocr_carea' id='block_1_6' title="bbox 232 3898 1380 4518">
    <p class='ocr_par' dir='ltr' id='par_1_7' title="bbox 232 3898 1380 4518">
     <span class='ocr_line' id='line_1_32' title="bbox 232 3898 1379 3986; baseline -0.002 -20"><span class='ocrx_word' id='word_1_270' title='bbox 232 3899 287 3986; x_wconf 75' lang='lat' dir='ltr'><strong>at.)</strong></span> <span class='ocrx_word' id='word_1_271' title='bbox 310 3904 428 3966; x_wconf 88' lang='lat' dir='ltr'><strong>uocant</strong></span> <span class='ocrx_word' id='word_1_272' title='bbox 451 3905 485 3966; x_wconf 89' lang='lat' dir='ltr'><strong>et</strong></span> <span class='ocrx_word' id='word_1_273' title='bbox 507 3901 586 3967; x_wconf 90' lang='lat' dir='ltr'><strong>alibi</strong></span> <span class='ocrx_word' id='word_1_274' title='bbox 610 3901 682 3967; x_wconf 83' lang='lat' dir='ltr'><strong>aliis</strong></span> <span class='ocrx_word' id='word_1_275' title='bbox 705 3899 914 3966; x_wconf 84' lang='lat' dir='ltr'><strong>nominibus&#39;.</strong></span> <span class='ocrx_word' id='word_1_276' title='bbox 951 3898 1077 3984; x_wconf 80' lang='lat' dir='ltr'><strong>Quippe</strong></span> <span class='ocrx_word' id='word_1_277' title='bbox 1095 3899 1165 3984; x_wconf 91' lang='lat' dir='ltr'><strong>ipse</strong></span> <span class='ocrx_word' id='word_1_278' title='bbox 1182 3903 1301 3964; x_wconf 89' lang='lat' dir='ltr'><strong>natura</strong></span> <span class='ocrx_word' id='word_1_279' title='bbox 1320 3921 1379 3964; x_wconf 86' lang='lat' dir='ltr'><strong>sua</strong></span> 
     </span>
     <span class='ocr_line' id='line_1_33' title="bbox 232 4005 1378 4094; baseline -0.003 -21"><span class='ocrx_word' id='word_1_280' title='bbox 232 4008 380 4092; x_wconf 88' lang='lat' dir='ltr'><strong>proximo</strong></span> <span class='ocrx_word' id='word_1_281' title='bbox 416 4011 587 4094; x_wconf 91' lang='lat' dir='ltr'><strong>utramque</strong></span> <span class='ocrx_word' id='word_1_282' title='bbox 618 4008 786 4073; x_wconf 87' lang='lat' dir='ltr'><strong>notionem</strong></span> <span class='ocrx_word' id='word_1_283' title='bbox 819 4006 1023 4092; x_wconf 80' lang='lat' dir='ltr'><strong>cognationis</strong></span> <span class='ocrx_word' id='word_1_284' title='bbox 1056 4007 1185 4073; x_wconf 85' lang='lat' dir='ltr'><strong>vinculo</strong></span> <span class='ocrx_word' id='word_1_285' title='bbox 1219 4005 1378 4072; x_wconf 85' lang='lat' dir='ltr'><strong>contineri</strong></span> 
     </span>
     <span class='ocr_line' id='line_1_34' title="bbox 232 4111 1379 4197; baseline -0.001 -20"><span class='ocrx_word' id='word_1_286' title='bbox 232 4115 411 4180; x_wconf 88' lang='lat' dir='ltr'><strong>rectissime</strong></span> <span class='ocrx_word' id='word_1_287' title='bbox 433 4115 561 4180; x_wconf 88' lang='lat' dir='ltr'><strong>monuit</strong></span> <span class='ocrx_word' id='word_1_288' title='bbox 580 4111 755 4179; x_wconf 89' lang='lat' dir='ltr'><strong>Muellerus</strong></span> <span class='ocrx_word' id='word_1_289' title='bbox 779 4113 850 4178; x_wconf 90' lang='lat' dir='ltr'><strong>adn.</strong></span> <span class='ocrx_word' id='word_1_290' title='bbox 875 4113 916 4178; x_wconf 90' lang='lat' dir='ltr'><strong>ad</strong></span> <span class='ocrx_word' id='word_1_291' title='bbox 934 4112 1076 4179; x_wconf 75' lang='lat' dir='ltr'><strong>Festum.</strong></span> <span class='ocrx_word' id='word_1_292' title='bbox 1111 4113 1226 4197; x_wconf 90' lang='lat' dir='ltr'><strong>Itaque</strong></span> <span class='ocrx_word' id='word_1_293' title='bbox 1248 4113 1283 4178; x_wconf 89' lang='lat' dir='ltr'><strong>in</strong></span> <span class='ocrx_word' id='word_1_294' title='bbox 1302 4111 1379 4178; x_wconf 85' lang='lat' dir='ltr'><strong>Vul-</strong></span> 
     </span>
     <span class='ocr_line' id='line_1_35' title="bbox 234 4217 1379 4306; baseline -0.002 -23"><span class='ocrx_word' id='word_1_295' title='bbox 234 4221 317 4286; x_wconf 91' lang='lat' dir='ltr'><strong>canii</strong></span> <span class='ocrx_word' id='word_1_296' title='bbox 345 4220 553 4287; x_wconf 85' lang='lat' dir='ltr'><strong>Onomastioo</strong></span> <span class='ocrx_word' id='word_1_297' title='bbox 581 4243 611 4306; x_wconf 90' lang='lat' dir='ltr'><strong>p.</strong></span> <span class='ocrx_word' id='word_1_298' title='bbox 637 4222 677 4285; x_wconf 80' lang='lat'><strong>12</strong></span> <span class='ocrx_word' id='word_1_299' title='bbox 706 4223 756 4285; x_wconf 89' lang='lat' dir='ltr'><strong>est</strong></span> <span class='ocrx_word' id='word_1_300' title='bbox 783 4218 979 4304; x_wconf 78' lang='lat' dir='ltr'><strong>‘appluda,</strong></span> <span class='ocrx_word' id='word_1_301' title='bbox 1007 4217 1186 4298; x_wconf 79' lang='grc' dir='ltr'>κυρήβιον’;</span> <span class='ocrx_word' id='word_1_302' title='bbox 1217 4218 1264 4284; x_wconf 88' lang='lat' dir='ltr'><strong>sic</strong></span> <span class='ocrx_word' id='word_1_303' title='bbox 1291 4217 1379 4283; x_wconf 90' lang='lat' dir='ltr'><strong>anim</strong></span> 
     </span>
     <span class='ocr_line' id='line_1_36' title="bbox 233 4323 1380 4410; baseline -0.001 -20"><span class='ocrx_word' id='word_1_304' title='bbox 233 4326 467 4392; x_wconf 89' lang='lat' dir='ltr'><strong>emendandum</strong></span> <span class='ocrx_word' id='word_1_305' title='bbox 499 4325 663 4407; x_wconf 83' lang='grc' dir='ltr'>κηρόβιον,</span> <span class='ocrx_word' id='word_1_306' title='bbox 696 4325 781 4410; x_wconf 91' lang='lat' dir='ltr'><strong>quod</strong></span> <span class='ocrx_word' id='word_1_307' title='bbox 814 4326 864 4392; x_wconf 82' lang='lat' dir='ltr'><strong>vel</strong></span> <span class='ocrx_word' id='word_1_308' title='bbox 898 4325 934 4389; x_wconf 91' lang='lat' dir='ltr'><strong>in</strong></span> <span class='ocrx_word' id='word_1_309' title='bbox 967 4323 1167 4389; x_wconf 78' lang='lat' dir='ltr'><strong>Theraurum</strong></span> <span class='ocrx_word' id='word_1_310' title='bbox 1195 4324 1380 4390; x_wconf 86' lang='lat' dir='ltr'><strong>Parisinum</strong></span> 
     </span>
     <span class='ocr_line' id='line_1_37' title="bbox 233 4429 1379 4518; baseline -0.001 -21"><span class='ocrx_word' id='word_1_311' title='bbox 233 4433 382 4518; x_wconf 63' lang='lat' dir='ltr'><strong>transiit,</strong></span> <span class='ocrx_word' id='word_1_312' title='bbox 409 4452 526 4518; x_wconf 88' lang='lat' dir='ltr'><strong>graeca</strong></span> <span class='ocrx_word' id='word_1_313' title='bbox 559 4437 667 4498; x_wconf 87' lang='lat' dir='ltr'><strong>autem</strong></span> <span class='ocrx_word' id='word_1_314' title='bbox 699 4431 860 4498; x_wconf 84' lang='lat' dir='ltr'><strong>voeabula</strong></span> <span class='ocrx_word' id='word_1_315' title='bbox 890 4429 971 4495; x_wconf 89' lang='lat' dir='ltr'><strong>haec</strong></span> <span class='ocrx_word' id='word_1_316' title='bbox 1003 4430 1170 4514; x_wconf 88' lang='lat' dir='ltr'><strong>componit</strong></span> <span class='ocrx_word' id='word_1_317' title='bbox 1201 4429 1379 4497; x_wconf 76' lang='lat' dir='ltr'><strong>Erotianus</strong></span> 
     </span>
    </p>
   </div>
   <div class='ocr_carea' id='block_1_7' title="bbox 233 4535 1380 4694">
    <p class='ocr_par' dir='ltr' id='par_1_8' title="bbox 233 4535 1380 4694">
     <span class='ocr_line' id='line_1_38' title="bbox 233 4535 1380 4625; baseline 0.003 -23"><span class='ocrx_word' id='word_1_318' title='bbox 233 4538 328 4604; x_wconf 86' lang='lat' dir='ltr'><strong>lexici</strong></span> <span class='ocrx_word' id='word_1_319' title='bbox 355 4538 509 4624; x_wconf 91' lang='lat' dir='ltr'><strong>Hippocr.</strong></span> <span class='ocrx_word' id='word_1_320' title='bbox 539 4563 569 4624; x_wconf 93' lang='lat' dir='ltr'><strong>p.</strong></span> <span class='ocrx_word' id='word_1_321' title='bbox 597 4541 654 4625; x_wconf 86' lang='lat'><strong>90,</strong></span> <span class='ocrx_word' id='word_1_322' title='bbox 682 4539 702 4604; x_wconf 89' lang='lat'>6</span> <span class='ocrx_word' id='word_1_323' title='bbox 731 4539 778 4604; x_wconf 91' lang='lat' dir='ltr'><strong>ed.</strong></span> <span class='ocrx_word' id='word_1_324' title='bbox 808 4537 928 4603; x_wconf 78' lang='lat' dir='ltr'><strong>Klein:</strong></span> <span class='ocrx_word' id='word_1_325' title='bbox 959 4535 1129 4616; x_wconf 85' lang='grc' dir='ltr'>κυρηβίων,</span> <span class='ocrx_word' id='word_1_326' title='bbox 1157 4541 1223 4604; x_wconf 83' lang='grc' dir='ltr'><strong>τῶν</strong></span> <span class='ocrx_word' id='word_1_327' title='bbox 1250 4538 1380 4619; x_wconf 85' lang='grc' dir='ltr'>ἀχύρων</span> 
     </span>
     <span class='ocr_line' id='line_1_39' title="bbox 336 4640 1168 4694; baseline 0.002 -2"><span class='ocrx_word' id='word_1_328' title='bbox 336 4662 338 4668; x_wconf 70' lang='lat'><strong>,</strong></span> <span class='ocrx_word' id='word_1_329' title='bbox 585 4669 587 4674; x_wconf 25' lang='grc' dir='ltr'><em>ν</em></span> <span class='ocrx_word' id='word_1_330' title='bbox 1113 4640 1168 4694; x_wconf 78' lang='lat' dir='ltr'><strong>re·</strong></span> 
     </span>
    </p>
   </div>
   <div class='ocr_carea' id='block_1_8' title="bbox 0 0 1657 5114">
    <p class='ocr_par' dir='ltr' id='par_1_9' title="bbox 0 0 1657 5114">
     <span class='ocr_line' id='line_1_40' title="bbox 0 0 1657 5114; baseline 0 0"><span class='ocrx_word' id='word_1_331' title='bbox 0 0 1657 5114; x_wconf 95' lang='lat' dir='ltr'><strong> </strong></span> 
     </span>
    </p>
   </div>
  </div>
 </body>
</html>
