3294 5104
292 387 357 452 188
700 405 747 453 nu
771 403 1028 454 uusnnsmoua

293 544 369 598 Pitt.
388 541 483 608 Liud„
501 546 526 596 et
546 541 596 597 ‘sie
613 543 681 610 sere’
701 543 846 610 Bottiaei,
863 559 878 598 e
894 559 1011 613 quorum
1023 541 1146 598 Berot2
1161 547 1304 612 praeterea
1323 544 1441 611 offertur

293 630 465 688 citharistria

360 718 576 775 'PROLOGUS
601 724 673 774 totue
694 719 770 775 obest
792 720 827 774 ab
850 719 881 772 Ε
1004 727 1021 774 3
1045 737 1139 774 sumus
1155 720 1329 789 paenultima
1347 721 1440 776 littera

291 815 412 864 comeatu
433 810 457 864 0
581 814 599 862 4
630 809 692 879 Ipse
710 809 746 863 de
764 825 794 862 se
812 807 916 864 iudicio
934 814 1009 864 vetus
1027 809 1110 864 editio
1129 826 1175 878 ap.
1200 809 1330 866 Westerle.

291 898 345 954 erit
357 898 447 953 BOF.
466 895 551 965 eripit
564 897 600 951 A.
619 897 674 952 erit
686 901 716 953 et
724 897 763 965 D,
781 899 857 952 codd.
872 899 985 967 quidam
1005 897 1043 952 W
1041 899 1189 964 esterttovii,
1208 899 1305 953 Botiu'i
1323 899 1437 953 Helmst.

291 993 316 1041 et
330 987 422 1054 Fuit„
443 986 545 1041 Perleti
559 986 681 1055 Guelfitt
762 987 868 1043 iudices
887 986 965 1041 eritis
982 986 1019 1044 B.
1038 987 1144 1042 iudiues
1164 987 1193 1056 0,
1211 988 1244 1040 iu
1261 1003 1328 1056 mrp.
1344 989 1435 1056 posito

292 1076 369 1130 eritis
473 1082 545 1132 bau
563 1092 613 1132 mn.
633 1077 660 1129 A
768 1075 832 1130 duci
854 1075 879 1130 it
896 1074 1002 1132 fautum
1021 1076 1055 1129 A.
1083 1075 1148 1130 duci
1165 1076 1273 1130 laetum
1291 1075 1321 1129 id
1337 1075 1432 1131 Boot.

291 1171 316 1219 et
341 1165 409 1220 Viet.
428 1169 491 1220 teste
509 1165 631 1233 Faeruo,
649 1166 756 1235 duoque
774 1165 857 1235 Repii
874 1165 965 1220 Beutl.
1002 1164 1067 1218 duci
1085 1165 1192 1220 factum
1209 1164 1322 1220 BODF
1337 1171 1362 1220 et
1380 1165 1437 1220 Bo—

291 1255 382 1308 thioui
402 1255 526 1324 ‘praeter
544 1254 814 1326 Guelferbytouum’.
852 1253 882 1306 id
904 1269 954 1306 om.
980 1254 1056 1310 codd.
1075 1255 1187 1322 quidam
1212 1255 1292 1310 Weet.

292 1351 308 1398 6
341 1343 651 1412 synapothee...oontes
675 1343 764 1398 tribue
787 1343 885 1397 litteris
908 1342 994 1396 eram
1019 1341 1047 1395 0.
1085 1343 1267 1413 einapothues
1286 1345 1381 1398 centes
1400 1343 1437 1398 F.

291 1431 549 1502 sinapothesooutes
569 1431 651 1486 diffili
669 1448 730 1502 sup.
749 1447 799 1486 ser.
820 1431 997 1486 Gothauusl
1104 1432 1174 1487 difili
1192 1433 1273 1488 ΒΘΖ)
1389 1450 1435 1488 eo-

292 1537 432 1594 moediast
449 1540 484 1593 A.
504 1539 648 1594 comoedia
667 1542 710 1594 est
727 1539 792 1595 BD.
822 1514 948 1594 comitia
966 1541 1009 1593 est
1029 1538 1058 1594 0.
1087 1538 1275 1594 comedissent
1294 1538 1324 1592 F

195 1627 198 1644 ⁸
292 1635 307 1682 t
335 1628 464 1698 planatus
484 1626 587 1682 Caute
604 1643 734 1684 rasuram
832 1633 848 1683 8
868 1629 1030 1684 adoleoeus
1048 1627 1079 1684 F
1167 1628 1253 1699 eripit
1269 1629 1359 1683 nostri
1377 1643 1438 1682 eum

291 1716 328 1783 F,
348 1717 448 1772 ‘omues
465 1716 536 1784 sere’
558 1716 674 1784 Foemii,
692 1719 748 1774 duo
767 1733 800 1772 eu
814 1719 1001 1772 vetustissimis
1014 1717 1116 1784 Beati,
1136 1717 1287 1773 Palatinus
1300 1717 1439 1785 Fabricii,

291 1805 483 1860 Dmtelmeuaie
502 1810 526 1859 et
544 1805 578 1860 N
579 1807 597 1876 β
620 1806 727 1876 Leupii.
765 1805 869 1876 eripuit
891 1805 991 1876 Lemnii
1013 1805 1122 1875 Shipp„
1150 1805 1231 1874 (lurp.
1251 1805 1323 1872 Chr„
1354 1805 1438 1872 Petr„

291 1893 324 1947 N
328 1895 345 1964 d
363 1899 389 1949 et
407 1911 496 1948 omuee
515 1894 675 1961 Bodleiaui,
692 1911 726 1950 ae
741 1897 860 1964 plurimi
884 1895 965 1950 West.
1047 1901 1063 1950 9
1083 1912 1147 1950 eum
1165 1911 1214 1950 om
1236 1894 1332 1949 Mart.
1350 1900 1376 1948 et
1389 1912 1436 1964 pr.

290 1999 324 2036 m.
342 1982 550 2050 Boeudermak„
569 1982 659 2048 Guelf.
679 1988 714 2050 2,
733 1984 847 2038 Holmoi.
866 1989 891 2038 et
909 1983 1042 2054 Friburp.
1071 1983 1073 1988 '
1161 1982 1288 2052 planetus
1309 1981 1333 2036 0

293 2079 325 2126 10
344 2071 464 2140 reliquid
483 2071 513 2123 D
619 2071 685 2126 hino
704 2073 734 2138 0,
753 2073 809 2127 eod.
829 2073 913 2128 Liud.
1023 2072 1122 2126 sumsit
1140 2071 1171 2125 F
1277 2078 1309 2126 11
1329 2071 1437 2127 adelfos

292 2159 373 2214 ΒΘΖ)
482 2165 515 2214 13
535 2159 700 2215 existimetis
718 2163 807 2216 uestri
824 2177 886 2216 mem
904 2160 947 2215 F:
964 2162 1027 2216 item
1045 2177 1069 2215 o.
1089 2165 1125 2215 17
1235 2167 1268 2215 14
1286 2160 1437 2230 preteritus

290 2251 318 2303 B
434 2248 612 2318 neclegentia
629 2249 673 2303 eet
690 2249 726 2304 A.
754 2249 934 2321 neglegentia
952 2252 996 2304 est
1013 2251 1071 2304 rell.
1191 2256 1223 2305 15
1250 2251 1381 2306 maledioi
1399 2251 1435 2304 A.

290 2339 422 2394 maleuoli
440 2337 553 2394 BODF
631 2337 733 2394 nobilis
752 2339 787 2395 A.
812 2338 921 2394 nobiles
939 2338 1051 2394 BODF
1140 2344 1173 2394 16
1192 2339 1381 2408 adsiduaeque
1394 2340 1432 2395 D.

291 2428 458 2497 assidueque
477 2427 508 2481 F
627 2433 659 2482 11
679 2427 752 2492 Quid
770 2426 798 2480 A
902 2444 962 2482 esse
979 2429 1069 2483 uoetri
1086 2444 1147 2483 eum
1165 2427 1203 2496 F,
1221 2444 1311 2484 ommes
1328 2428 1437 2483 Faermi

290 2523 315 2570 et
332 2516 423 2572 Bentl.
462 2516 643 2571 omittebatur
660 2517 725 2571 olim
808 2521 841 2570 18
860 2516 907 2572 hie
926 2533 976 2572 om.
997 2517 1091 2572 Mart.
1181 2517 1332 2572 maximam
1350 2519 1439 2573 uootri

290 2622 351 2658 mem
369 2605 400 2657 F
497 2611 530 2660 19
549 2605 628 2660 nobie
647 2605 760 2674 quidam
777 2607 951 2660 vetustissimi
975 2605 1057 2661 Weet.
1164 2610 1200 2659 10
1218 2605 1278 2660 ocio
1297 2606 1327 2659 D

290 2695 320 2748 in
337 2693 452 2764 negotio
470 2693 500 2748 iu
518 2693 577 2749 otio
595 2693 627 2747 F
714 2700 746 2748 11
767 2711 834 2748 usus
853 2695 895 2749 est
912 2695 1001 2750 uestri
1019 2710 1080 2748 eum
1096 2693 1125 2747 F
1212 2699 1247 2748 11
1266 2695 1434 2764 exspectetis

202 2841 206 2858 ·
292 2820 327 2878 1.
347 2795 499 2888 extemis
519 2819 547 2876 e.
567 2818 719 2890 expectetis
737 2817 802 2872 aa
822 2795 975 2889 exprimitis
993 2819 1023 2871 ι)
1095 2835 1098 2846 ·
1121 2817 1295 2887 aspamam
1314 2819 1405 2887 ouem
1421 2827 1436 2874 1

396 2909 418 2965 ii
436 2913 545 2979 purtem
563 2909 598 2964 A.
630 2909 659 2962 hi
677 2910 785 2978 partem
803 2907 840 2974 Β,
861 2908 935 2962 ‘atii'
956 2908 1032 2962 oodd.
1054 2907 1134 2962 West.
1155 2907 1195 2961 hii
1213 2909 1324 2977 partem
1343 2908 1396 2963 OF
1412 2913 1438 2964 et

291 3015 304 3052 e
321 3015 391 3055 enrr.
410 3000 447 3055 D.
479 3016 541 3054 eam
560 3000 669 3068 partem
688 2997 764 3052 codd.
779 2997 899 3066 plurimi
917 3000 941 3050 et
960 2997 999 3052 ed.
1018 3001 1068 3052 oet.
1093 2996 1174 3051 Weet.
1274 3002 1310 3050 14
1328 2999 1436 3067 partem

290 3089 379 3142 uestri
397 3104 458 3143 eum
476 3086 507 3140 F
621 3085 825 3156 aequanimitas
843 3087 940 3154 uestri,
959 3082 995 3138 F.
1020 3085 1052 3137 ut
1069 3084 1275 3152 aequanimitas
1293 3087 1349 3141 duo
1366 3086 1434 3140 Boe·

291 3177 369 3242 cleri,
392 3175 482 3242 Grulf.
501 3183 530 3234 2.
566 3180 600 3232 ut
617 3179 711 3232 uestra
728 3175 933 3245 aequanimitas
951 3174 1066 3238 Boeud.,
1089 3174 1127 3230 ed.
1148 3179 1198 3229 oet.
1224 3175 1304 3230 West.
1341 3178 1437 3230 uestra

291 3283 341 3332 om.
361 3281 450 3320 omues
469 3265 563 3336 leup„
580 3267 638 3321 usti
655 3265 728 3335 quod
744 3281 805 3334 sup.
823 3280 875 3319 eor.
894 3269 932 3319 eet
949 3265 981 3317 iu
999 3262 1096 3333 Stipp.

363 3354 503 3410 SOAEN.
523 3356 551 3410 I.
589 3356 776 3412 Personarum
797 3353 911 3409 mmiua
933 3353 1056 3408 cornuto
1069 3353 1313 3422 praetermittimus
1420 3358 1434 3406 1

292 3463 411 3517 Astorax
427 3463 455 3516 A
575 3461 649 3518 redit
666 3462 694 3517 A
814 3467 831 3516 1
851 3437 1023 3517 semilorum
1042 3459 1072 3516 0.
1091 3460 1264 3516 seruulorum
1281 3458 1341 3513 ΒΕ

293 3604 441 3660 aduersum
459 3604 487 3659 A
603 3553 736 3662 amiiii
754 3604 868 3660 erui
977 3603 1052 3675 apsis
1070 3605 1097 3658 A
1205 3601 1289 3657 tubi
1306 3605 1437 3671 quattuor

266 3692 394 3761 iBeutl„
411 3694 503 3750 Berot.
517 3699 543 3748 1.
557 3699 586 3750 2.
614 3694 655 3750 ibi
672 3696 769 3761 uentri,
788 3694 825 3762 F,
843 3711 933 3750 omues
951 3693 1059 3748 Faerui
1144 3690 1225 3746 Caeso
1244 3707 1273 3745 sa
1291 3689 1386 3746 uenire
1406 3690 1435 3746 0.

399 3785 444 3856 aa]
464 3799 517 3838 aaa
535 3783 572 3840 Ε.
608 3783 662 3839 tibi
681 3783 804 3852 Heluet,
822 3784 861 3840 ed.
880 3788 930 3839 oet.
951 3783 1032 3838 Weet.
1140 3778 1231 3835 saeius
1250 3779 1281 3832 Ε
1395 3783 1437 3835 est

292 3888 342 3927 om.
361 3871 490 3928 Berol.3
589 3877 679 3941 tque
697 3873 729 3926 Ε
833 3874 863 3927 te
880 3872 962 3944 uxor]
981 3873 1061 3925 texor
1079 3868 1107 3924 A
1211 3867 1283 3924 dixit
1301 3869 1332 3922 Ε

292 3976 364 4029 quae
378 3975 439 4030 eup.
454 3975 505 4016 ser.
520 3959 581 4014 Ieu.
597 3959 684 4016 th.
703 3970 757 4030 que
772 3961 831 4016 ΑΕ
914 3968 1003 4029 eque
1018 3958 1049 4012 Ε
1131 3956 1251 4029 propioii
1264 3957 1301 4012 Ε.
1320 3957 1436 4028 propitii

292 4047 438 4103 declarant
448 4047 509 4106 lem.
520 4049 629 4104 Perae
644 4049 734 4105 Wletu
821 4051 902 4106 'ttae
921 4049 951 4102 Ε
1034 4048 1128 4103 Stete
1139 4046 1437 4116 ABCFetm.pr.D,

292 4135 385 4192 Βοιώ.
401 4136 502 4193 etan.
513 4136 629 4206 Fuerat,
642 4137 871 4194 nonnulliBmtl.
890 4139 919 4192 te
933 4137 963 4191 D
976 4142 1041 4206 poet
1053 4153 1108 4193 ras.
1124 4135 1159 4190 de
1172 4136 1201 4189 te
1220 4134 1258 4202 Ε,
1272 4133 1341 4191 Viot.
1361 4137 1437 4190 uerte

293 4226 384 4282 Berol.
398 4231 418 4282 2
508 4229 593 4296 atque
610 4227 707 4294 uestri,
726 4226 764 4294 F,
783 4225 892 4282 ‘iidem'
913 4225 1022 4282 Fuerui
1038 4228 1204 4295 (anaqam
1218 4223 1438 4294 inpetraturum),

293 4331 382 4370 moues
400 4315 500 4384 Bene,
515 4317 640 4387 plerique
656 4315 751 4386 me„
768 4313 897 4370 Berol.3
1006 4315 1036 4370 in
1054 4314 1147 4370 animo
1166 4313 1197 4368 F
1316 4317 1436 4368 ttotum

293 4419 343 4459 om.
362 4403 390 4458 A
490 4405 527 4460 Et
543 4405 670 4472 BDEF,
687 4419 777 4460 omues
795 4403 912 4472 Fnermi,
927 4403 1050 4474 plerique
1067 4402 1158 4457 Beati.
1178 4403 1278 4456 mittit
1297 4401 1387 4468 Guels.
1407 4405 1435 4456 2.

294 4485 369 4568 lte
466 4511 521 4566 aas
539 4527 603 4566 eum
620 4511 658 4566 n.
677 4501 739 4566 eud
759 4508 813 4566 sibi
831 4511 898 4579 res,
917 4510 1046 4579 outre
1146 4513 1179 4562 ιι
1206 4507 1281 4562 reme
1298 4509 1326 4560 s
