3294 5104
506 415 747 475 Qvnnsmouns
771 416 1107 464 ouousronoumsn.
1312 401 1377 466 333

205 557 212 571 '
276 556 326 621 III
345 579 375 641 p.
400 558 419 622 ‘l
444 558 515 623 adn.
539 559 587 642 9];
617 561 659 622 et.
672 557 706 623 L.
730 556 854 643 Meyeri
884 558 994 643 ‘vergl
1017 557 1171 624 Gramm'
1193 558 1226 623 ΙΙ
1249 582 1279 643 p.
1303 560 1378 645 592,

276 663 501 730 Fleckeisenus
529 665 563 730 iu
586 664 705 730 Annal.
732 665 845 749 philol.
873 669 896 729 t.
919 664 1027 729 XCIII
1050 662 1166 751 (1866)
1189 688 1220 750 p.
1243 667 1274 749 9,
1297 665 1377 730 Vse-

275 793 371 836 uerus
394 772 433 835 de
456 770 615 836 Pseudulo
638 794 669 855 p.
693 772 723 856 8,
745 771 963 837 Buechelerus
987 773 1021 836 in
1042 773 1241 838 Fleckeiscni
1259 773 1378 838 Annal.

275 877 388 962 philol.
410 881 433 942 t.
456 875 565 942 XCIII
591 900 621 961 p.
644 878 724 961 242,
748 876 926 962 Seyffertus
949 879 984 944 in
1006 879 1122 945 Philol.
1146 881 1208 945 vol.
1231 879 1323 945 XXV
1347 903 1377 964 p.

274 984 354 1070 4483
378 984 455 1050 XXI
477 1008 509 1070 p.
532 986 611 1071 6773
634 983 746 1049 XXIII
769 1008 799 1069 p.
822 986 898 1052 480.

792 1307 814 1371 2

232 1427 552 1506 QVAESTIONVM
567 1427 1041 1496 ONOMATOLOGICARVM
1054 1431 1377 1498 PLAV'PINARVM

662 1535 825 1601 ΟΑΡΙΤΑ
851 1535 949 1602 DVO.

701 1677 827 1764 capua
848 1679 907 1765 ia)

323 1800 519 1867 Meministis
543 1807 663 1888 quanta
686 1825 789 1888 nuper
811 1804 981 1888 industria,
1004 1804 1037 1869 id
1061 1803 1145 1890 quod
1168 1805 1292 1890 pridem
1311 1806 1374 1870 fao·
1392 1829 1431 1870 111

230 1912 300 1974 tum
333 1914 535 1994 oportuerat,
568 1912 728 1996 propria
754 1911 912 1977 nomina
940 1933 1074 1997 graecae
1105 1913 1234 1997 linguae
1266 1913 1377 1998 colligi

231 2018 348 2100 coepta
376 2015 442 2081 sint
467 2039 626 2102 quamque
649 2018 813 2083 laudabile
837 2041 874 2084 eo
898 2019 932 2084 in
956 2042 1073 2104 genere
1096 2019 1284 2106 diligentiae
1308 2042 1375 2103 spe-

230 2123 336 2188 cimen
365 2122 402 2188 G.
430 2122 573 2208 Papius
602 2124 771 2192 Berolinas
800 2126 936 2192 ediderit
967 2128 1141 2194 utilissimo
1169 2131 1283 2212 parato
1311 2149 1377 2191 non

230 2229 388 2296 historiae
411 2231 527 2315 magis
540 2254 637 2317 quam
660 2233 763 2318 ipsius
783 2233 914 2319 linguae
934 2234 1116 2298 accuratius
1136 2232 1377 2318 cognoscendae

229 2337 455 2404 instrumento.
506 2339 570 2416 Qui
597 2341 743 2424 quamvis
772 2341 871 2426 longo
899 2343 975 2424 post
1003 2362 1037 2404 se
1065 2340 1238 2404 intervallo
1266 2339 1378 2404 tenuia

231 2443 268 2508 G.
291 2443 353 2509 Oh.
379 2443 508 2510 Orusii
536 2446 631 2511 initia
658 2446 840 2530 reliquerit,
867 2449 977 2513 tamen
1001 2447 1041 2511 ad
1065 2468 1138 2510 eam
1161 2467 1256 2530 quam
1279 2445 1377 2510 velles

230 2551 461 2634 perfectionem
488 2572 529 2615 ne
558 2573 651 2616 suam
679 2551 808 2636 quidem
837 2573 969 2636 operam
997 2552 1138 2618 adduxit.
1185 2551 1275 2629 Quod
1300 2551 1377 2616 nolo

230 2657 268 2722 dc
299 2657 438 2742 singulis
463 2656 654 2742 quibusdam
677 2658 865 2723 nominibus
888 2659 973 2723 forte
996 2659 1233 2743 praetermissis
1257 2659 1378 2724 dictum

231 2784 313 2828 esse:
337 2763 448 2848 qualia
470 2785 542 2830 oum
566 2765 749 2850 promiscue
772 2765 876 2830 latent
898 2769 968 2830 tum
988 2766 1126 2850 singulis
1145 2765 1377 2849 propemodum

231 2871 342 2936 diebus
374 2893 413 2936 cx
442 2871 724 2958 epigraphicorum
752 2871 958 2956 potisSImum
981 2876 1264 2939 monumentorum
1287 2871 1377 2936 inex-

231 2976 349 3042 hausto
380 2978 471 3042 fonte
502 2977 671 3061 prodeunt.
720 2976 841 3043 Verum
872 2977 958 3062 quod
993 2979 1122 3063 aegrius
1150 2977 1283 3042 ferimus
1316 2977 1378 3042 hoc

230 3091 289 3167 est,
312 3084 398 3168 quod
420 3084 475 3149 ille
494 3105 614 3168 genera
633 3083 791 3169 quaedam
810 3085 961 3149 universa
979 3107 1137 3151 novorum
1157 3085 1375 3169 exemplorum
1386 3109 1418 3148 1v

229 3189 431 3256 feracissima
462 3194 518 3255 aut
548 3191 650 3256 levius
680 3191 833 3256 tractavit
861 3195 917 3256 aut
944 3213 985 3256 ne
1014 3191 1127 3276 attigit
1150 3191 1288 3277 quidem.
1334 3191 1378 3256 Et

230 3297 333 3362 levius
363 3295 492 3381 quidem
519 3301 660 3362 tractata
688 3319 757 3362 esse
782 3297 878 3362 facile
903 3300 1039 3382 apparet
1061 3299 1194 3373 nomina
1216 3299 1376 3364 Romano·
1433 3360 1436 3372 ,

230 3425 301 3466 rum
324 3403 492 3490 hominum
516 3425 631 3490 graece
654 3404 742 3469 facta
766 3427 786 3469 a
807 3405 933 3490 graecis
958 3404 1183 3488 scriptoribus:
1215 3406 1299 3491 quod
1323 3425 1376 3490 ge·

229 3532 305 3593 nus,
331 3515 419 3577 recte
448 3511 489 3575 ab
517 3510 588 3595 ipso
612 3511 715 3595 Papio
744 3515 776 3576 et
798 3511 966 3576 definitum
990 3514 1023 3575 et
1046 3512 1252 3578 aestimatum
1275 3511 1376 3596 praef.

231 3637 261 3697 p.
284 3614 373 3698 VIII,
396 3616 449 3680 hic
472 3639 538 3683 non
562 3618 639 3683 IIcet
662 3617 852 3702 diIIgentius
876 3617 1034 3702 persequi.
1074 3616 1281 3684 Contrarium
1300 3618 1375 3682 huic

230 3719 312 3784 illud
337 3724 394 3804 est,
417 3723 501 3806 quod
520 3743 747 3809 graecorum
766 3725 962 3790 nominum
981 3724 1136 3807 exemplis
1156 3725 1340 3788 continetur
1359 3748 1376 3788 e

230 3825 369 3892 latinis
398 3828 549 3894 litteris
578 3830 845 3915 petendorum3
874 3835 971 3916 atque
998 3829 1082 3894 hanc
1110 3829 1164 3894 ille
1192 3829 1376 3914 provinciae

230 3957 306 4000 suae
332 3939 459 4020 partem
487 3937 631 4022 neglexit
656 3937 803 4023 profecto
830 3941 959 4023 praeter
986 3936 1268 4022 exspectationem.
1315 3934 1376 4002 Sed

230 4042 381 4124 quoniam
404 4066 444 4108 ne
468 4043 564 4108 huius
583 4045 712 4130 quidem
733 4046 916 4130 argumenti
935 4045 1117 4111 ubertatem
1137 4042 1375 4129 praefatiuncu-

230 4147 279 4212 lae
299 4151 469 4234 angustiae
490 4151 631 4235 capiunt,
654 4153 729 4218 nolo
749 4153 789 4217 ad
808 4151 1055 4236 inscriptionum
1074 4153 1249 4216 latinarum
1271 4151 1374 4214 infini-

229 4257 280 4317 tas
304 4255 415 4340 copias
439 4257 623 4341 exspatiari,
647 4279 664 4321 c
687 4259 804 4342 quibus
827 4281 894 4324 non
914 4279 991 4321 sane
1011 4257 1181 4322 mediocris
1201 4255 1375 4320 multitudo

231 4379 443 4391 —-————n—=

317 4429 343 4498 ²⁸)
370 4431 558 4500 [Prooemium
585 4431 687 4486 Indicis
710 4432 868 4488 scholarum
895 4431 1073 4486 hibernarum
1100 4430 1286 4485 Bonnensium
1311 4448 1374 4489 ann.

229 4514 478 4574 CIOIOCCCXLIII
497 4521 527 4575 ot
544 4519 655 4592 XLIV]
