3274 5114
274 397 337 464 178
626 414 844 465 rasennam
867 415 1052 466 ensurius.

271 563 408 643 apparet
438 581 504 625 non
535 561 620 626 inter
651 561 729 626 uina
761 561 859 628 modo
890 561 1081 646 murrinam,
1114 561 1169 626 sed
1196 562 1282 628 inter
1309 561 1417 628 dulcia

270 687 397 750 quoque
429 667 657 734 nominatum'.
689 705 732 716 —
764 668 815 734 Ibi
847 690 914 734 non
945 670 1079 736 alicuius
1106 674 1222 754 poetae
1251 669 1415 736 Dossenni

270 772 369 837 verba
390 773 531 857 proferri
554 795 574 837 a
596 772 717 860 Plinio,
740 774 797 839 sed
820 775 888 841 sive
912 777 1160 861 grammaticum
1184 781 1240 842 aut
1263 778 1412 863 antiqua·

270 879 355 944 rium
375 882 443 946 sire
463 882 542 946 iuris
562 882 745 946 consultum
757 878 781 967 1)
800 881 934 947 Fabium
955 881 1160 948 Dossennum
1179 880 1245 968 (vel
1260 881 1415 950 ‘Dorsen-

269 986 374 1072 num’,
396 992 435 1052 ut
457 992 507 1086 est
529 989 564 1054 in
577 987 739 1053 Vaticano
763 1010 842 1072 apr.
857 986 1011 1075 m.)'dici‚
1034 990 1090 1074 qui
1111 1011 1263 1056 versuum
1286 991 1415 1057 illorum

269 1095 459 1162 testimonio
488 1095 652 1161 murrinae
682 1094 713 1160 h.
737 1117 763 1161 e.
786 1095 854 1160 vini
876 1118 986 1160 murra
1009 1095 1132 1161 conditi
1155 1097 1241 1181 apud
1264 1097 1416 1182 antiquos

270 1224 366 1267 usum
389 1203 586 1287 probaverit,
610 1201 791 1290 significavi
813 1203 848 1266 in
870 1201 1073 1286 praefatione
1095 1201 1260 1289 Parergon
1283 1227 1314 1288 p.
1325 1204 1416 1288 XIII,

244 1373 251 1385 ,
271 1310 372 1374 amice
396 1306 446 1394 (ut
468 1333 527 1395 pro
551 1310 617 1374 illis
640 1306 859 1395 temporibus)
883 1309 1024 1376 monitus
1048 1307 1237 1395 aBerglrio.
1268 1309 1354 1376 Nam
1373 1333 1414 1376 ne

270 1416 348 1500 quid
371 1439 470 1500 erres,
493 1419 546 1483 sed
567 1416 745 1501 particulae
767 1438 834 1481 non
857 1415 921 1480 alia
943 1415 992 1480 vis
1017 1419 1066 1480 est
1088 1415 1153 1480 nisi
1175 1417 1226 1500 ut,
1248 1415 1335 1501 quod
1358 1418 1414 1482 alii

269 1525 399 1588 tantum
417 1523 553 1602 credere,
572 1522 659 1587 idem
672 1522 862 1592 Dossennus
882 1522 1009 1586 dicatur
1023 1523 1223 1606 argumentis
1238 1523 1416 1590 decernere.

271 1667 310 1676 -
336 1629 517 1716 Suppressc
542 1635 651 1696 autem
674 1630 805 1696 fabulae
828 1631 961 1696 nomine
985 1628 1213 1712 interpositum
1235 1629 1321 1694 inter
1339 1629 1415 1696 Per-

269 1759 324 1802 sae
346 1737 517 1804 Plautinae
545 1737 744 1802 mentionem
773 1736 907 1801 etitem
930 1734 1117 1800 Plautinam
1140 1733 1285 1800 fabulam
1308 1736 1415 1801 Acha-

268 1843 437 1910 ristionem
461 1842 524 1930 (‘et
541 1846 581 1909 in
595 1841 663 1930 Af)
682 1843 907 1909 testimonium
925 1865 992 1908 non
1010 1842 1138 1907 videtur
1157 1840 1300 1908 dubitari
1318 1865 1414 1927 posse

268 1951 347 2034 quin
370 1952 410 2016 ad
433 1952 568 2016 eundem
590 1953 723 2034 poetam
746 1949 949 2014 referendum
972 1949 1029 2014 sit:
1052 1969 1150 2033 quare
1169 1948 1254 2014 inter
1271 1949 1414 2016 incertae

268 2057 353 2122 sedis
393 2059 579 2144 fragmenta
619 2057 734 2140 recepi.
787 2094 824 2104 —
876 2055 1055 2122 Pristinum
1098 2057 1206 2120 autem
1248 2057 1415 2124 murrinae

268 2164 363 2230 istius
390 2188 485 2232 usum
513 2188 586 2231 cum
609 2164 733 2230 Plinius
755 2165 809 2229 ait
836 2163 918 2230 alios
947 2163 1098 2229 Pseuduli
1126 2185 1222 2228 versu
1248 2164 1414 2248 probasse,

267 2270 319 2334 hia
348 2273 496 2338 accedere
519 2269 702 2338 Varronem
731 2293 748 2337 e
777 2275 905 2337 saturae
933 2270 1040 2336 verbis
1069 2273 1205 2355 apparet
1232 2274 1416 2356 quaesunt

269 2378 354 2462 apud
376 2377 520 2444 Nonium
542 2400 573 2463 p.
597 2379 672 2463 551,
697 2379 730 2444 7:
760 2377 963 2462 ‘murrina
990 2377 1082 2462 potio
1107 2376 1263 2443 confecta.
1308 2377 1413 2443 Varro

268 2481 542 2564 Ἀνθρωποπόλειε
563 2506 648 2550 «non
667 2484 762 2550 modo
781 2485 895 2550 uinum
913 2483 999 2567 dare,
1019 2482 1074 2548 sed
1093 2484 1203 2568 etiam,
1221 2487 1258 2549 ut
1276 2484 1412 2549 Plautus

268 2591 328 2674 ait,
351 2592 542 2676 murrinam,
566 2613 711 2676 passum,
734 2588 960 2671 defrutum».²)
992 2628 1029 2638 —
1060 2590 1183 2656 Rursus
1208 2613 1246 2656 ex
1271 2591 1413 2656 eiusdem

267 2697 425 2764 Varronis
454 2699 518 2765 alio
547 2698 737 2765 testimonio
766 2699 946 2783 probabilis
974 2697 1014 2763 de
1042 2697 1076 2762 L.
1101 2697 1197 2764 Aelio
1229 2699 1445 2763 coniectura·

267 2807 338 2872 fiet:
372 2807 500 2892 quando
524 2805 604 2871 haec
626 2806 761 2871 nomina
784 2827 801 2868 e
825 2804 970 2870 codicum
994 2805 1153 2870 memoria
1176 2805 1285 2870 laetius
1307 2804 1413 2890 (pror-

268 2935 323 2978 sus
346 2918 383 2978 ut
406 2913 492 2998 apud
516 2911 660 2978 Gellium
682 2911 743 2996 ΙΙΙ,
766 2909 869 2998 3,12)
892 2914 982 2976 recto
1006 2909 1127 2976 iudicio
1152 2909 1413 2976 Van-Heusdiua

268 3023 375 3087 affecit
397 3019 507 3086 ‘dela
531 3020 625 3084 Aelio
650 3017 790 3084 Stilone’
814 3041 844 3102 p.
868 3019 920 3083 37.
965 3015 1052 3083 Nam
1075 3039 1149 3082 cum
1172 3017 1257 3101 apud
1280 3014 1413 3080 Festum

267 3150 297 3211 p.
323 3127 395 3210 158,
419 3127 461 3192 22
484 3126 564 3191 haec
587 3125 748 3211 legantur:
782 3122 971 3188 ‘murrata
998 3123 1132 3207 potione
1159 3145 1236 3187 usos
1261 3122 1412 3206 antiquos

267 3234 386 3300 indicio
411 3237 469 3317 est,
493 3232 577 3318 quod
597 3233 695 3314 [eam]
716 3230 815 3295 etiam
833 3251 919 3294 nunc
943 3229 1063 3293 aediles
1082 3251 1140 3314 per
1159 3228 1412 3313 supplicationes

268 3341 318 3406 dis
349 3340 471 3406 addunt
501 3339 541 3404 ad
570 3336 769 3422 puluinaria,
801 3339 834 3400 et
863 3334 949 3419 quod
978 3332 1043 3398 ΧΠ
1066 3335 1188 3400 tabulis
1216 3339 1349 3401 cauetur
1371 3356 1412 3399 na

268 3451 396 3513 mortuo
424 3445 569 3530 indatur,
600 3448 638 3509 ut
665 3443 712 3508 ait
735 3441 840 3508 Varro
868 3440 903 3505 in
925 3439 1171 3526 Antiquitatum
1199 3441 1282 3506 libro
1305 3439 1347 3523 l',
1378 3439 1412 3505 in

266 3558 422 3640 promptu
450 3556 500 3618 est
526 3552 566 3618 de
588 3550 676 3616 Aelii
700 3547 834 3615 Stilonis
864 3549 898 3614 in
926 3547 990 3614 XII
1014 3537 1143 3648 tabulas
1171 3546 1411 3614 commentariis

280 3793 285 3800 ⁸
341 3735 366 3802 1)
385 3731 429 3786 Ad
447 3729 514 3785 iuris
533 3728 688 3783 consultum
709 3725 802 3796 potius
817 3724 909 3794 ipsum
924 3739 979 3792 quo
993 3721 1100 3777 Plinius
1114 3723 1203 3778 ut'tur
1218 3721 1408 3777 ‘deremendi’

267 3821 397 3888 verbum,
424 3821 457 3874 ut
478 3817 622 3889 proprium
646 3815 728 3885 iuris,
756 3815 883 3884 spectare
906 3812 996 3867 visum
1022 3813 1065 3867 est
1089 3810 1250 3868 doctissimo
1276 3811 1410 3881 conlegae

267 3909 403 3965 Mauricio
422 3905 545 3976 Vcigtio

338 4003 366 4068 2)
389 3995 520 4052 Numeris
544 3993 720 4064 adstringens
743 3991 818 4047 sicea
836 3991 969 4048 Varronis
991 3990 1080 4044 rerba
1097 3990 1240 4060 Itoeperus
1261 3991 1307 4046 ‘da
1325 3989 1410 4044 Ennii

268 4085 414 4158 Scipione'
435 4085 488 4154 (ed.
508 4082 616 4138 Gedani
634 4099 658 4136 a.
680 4085 759 4151 1868)
782 4099 809 4151 p.
830 4085 864 4134 14
886 4080 970 4134 fidem
988 4077 1034 4132 vix
1057 4077 1188 4134 inveniet.
1217 4111 1253 4120 —
1280 4079 1409 4134 Cotemm

267 4176 365 4230 eodem
379 4173 513 4229 Pseuduli
530 4189 612 4227 versu
627 4170 745 4226 eundem
755 4169 909 4224 Varronem
928 4167 1013 4222 etiam
1035 4167 1082 4222 ‘de
1098 4166 1160 4222 nita
1177 4167 1275 4238 populi
1290 4167 1409 4224 Romani

267 4263 338 4319 libro
357 4263 381 4317 l’
402 4281 482 4318 usum
500 4278 562 4317 esse
581 4278 615 4315 ex
633 4259 732 4314 eodem
750 4257 843 4312 Nonio
862 4275 888 4327 p.
904 4263 965 4324 tol,
983 4263 1013 4311 19
1033 4256 1220 4326 intellegitur:
1239 4257 1316 4312 cuius
1335 4256 1409 4328 capi-

267 4354 304 4408 tis
323 4352 419 4408 turbas
439 4367 605 4422 componere
624 4347 809 4404 Buechelerus
829 4345 937 4402 studuit
954 4345 1044 4400 Musei
1063 4345 1150 4399 Rhea.
1167 4345 1232 4400 xlv
1251 4364 1278 4416 p.
1297 4349 1350 4400 418
1359 4363 1410 4414 sq..

266 4442 411 4512 ignoratus
430 4458 447 4496 a
465 4439 598 4493 liettncro
618 4437 647 4492 ia
667 4434 811 4491 ‘Varronis
829 4435 864 4490 de
882 4435 941 4490 vita
960 4453 985 4504 p.
1001 4435 1045 4488 It.’
1066 4434 1229 4504 imaginantis
1247 4435 1301 4503 (ed.
1321 4433 1409 4488 Halae

267 4549 292 4586 a.
315 4533 393 4598 1883)
412 4547 438 4598 p.
459 4535 502 4584 88.
