3288 5100
265 341 330 406 552
399 389 405 398 .
593 361 709 408 narrare
733 347 877 408 vaano's
901 363 1079 410 umoruvu

264 502 458 567 rhetoricam
482 526 553 568 cum
578 504 764 589 eloquentia
788 505 927 570 sociaret
948 507 1052 570 multo
1076 503 1156 570 adeo
1180 505 1243 570 nisi
1265 504 1414 568 fallimur

263 609 528 674 convenientius?
557 609 607 673 vel
636 610 729 673 unius
759 611 1008 675 mathematicae
1037 611 1169 676 notione
1198 610 1413 696 geometriam

265 719 297 780 et
320 715 557 781 arithmeticam
585 717 892 799 comprehenderet?
920 719 971 782 vel
1001 717 1041 782 ad
1070 718 1283 802 geometriam
1311 719 1413 782 etiam

264 823 477 906 astrologiam
492 820 640 886 referret:
660 823 744 906 quod
760 846 823 908 quo
838 823 906 888 iure
922 824 1074 904 dicamus,
1090 824 1124 887 in
1139 823 1413 888 commentatione

264 953 287 994 s.
312 952 336 994 s.
366 929 446 993 satis
476 928 675 993 declaratum
704 933 754 993 est
782 953 812 1013 p.
835 931 855 994 3
883 930 962 1011 [354
973 932 1034 1015 sq.]
1059 933 1091 994 et
1114 953 1144 1012 p.
1168 931 1210 994 39
1231 930 1323 1011 [387]
1349 951 1413 1014 sq.:

263 1035 314 1099 vel
334 1035 361 1099 si
381 1057 463 1118 quae
483 1035 620 1119 eogitari
641 1036 763 1100 similia
781 1039 927 1120 possunt.
954 1037 1116 1121 Equibus
1135 1059 1221 1101 nune
1235 1059 1334 1100 unum
1348 1036 1413 1100 hoe

224 1125 227 1130 ⁵
264 1141 424 1224 addimus,
456 1142 652 1207 rhetoricam
685 1143 824 1208 fortasse
852 1165 912 1208 nec
940 1166 1012 1208 cum
1042 1144 1225 1227 disciplinis
1252 1166 1310 1208 nec
1338 1165 1412 1208 cum

263 1248 448 1331 eloquentia
479 1249 638 1315 coaluisse
666 1250 752 1334 apud
781 1249 976 1333 Varronem,
1009 1252 1064 1314 sed
1099 1273 1171 1315 cum
1202 1251 1274 1334 ipsa
1305 1249 1412 1333 philo-

265 1355 394 1439 sophia:
432 1355 560 1438 quando
598 1355 631 1420 in
668 1355 868 1420 hebdomade
906 1357 1178 1441 philosophorum
1215 1355 1413 1441 Symmacho

264 1464 348 1526 teste
377 1461 470 1545 epist
498 1461 527 1546 l,
550 1463 571 1526 4
600 1485 671 1527 cum
701 1462 927 1548 Pythagora
959 1462 1030 1547 ‘qui
1059 1464 1184 1534 animas
1212 1463 1254 1527 in¹
1275 1463 1412 1527 aeterni·

263 1573 365 1632 tatem
393 1569 518 1652 primus
542 1567 714 1651 asseruit’,
742 1572 775 1633 et
796 1569 959 1633 Platone
990 1569 1059 1654 ‘qui
1088 1570 1164 1634 deos
1190 1591 1259 1635 esse
1283 1591 1413 1653 persua-

265 1674 342 1758 sit',
379 1674 619 1740 Aristoteles
658 1674 914 1759 componebatur
949 1681 986 1740 ut
1028 1675 1104 1760 ‘qui
1140 1679 1289 1741 naturam
1330 1677 1413 1740 bene

265 1781 418 1865 loquendi
441 1783 475 1846 in
496 1786 598 1846 artem
617 1780 826 1866 redegisset':
851 1781 946 1846 modo
966 1782 1124 1847 Varronis
1148 1782 1227 1846 haec
1249 1783 1324 1867 sint,
1346 1805 1413 1848 non

265 1889 368 1972 ipsius
401 1886 589 1972 Symmachi
622 1887 737 1972 elogia.
778 1886 918 1952 Tantum
953 1892 1061 1953 autem
1094 1887 1328 1953 dubitationem
1360 1889 1414 1952 rix

265 1992 378 2076 habet,
420 1993 497 2078 quin
534 2015 646 2056 eorum
683 1994 837 2075 quattuor
873 2013 1043 2077 generum,
1085 2013 1166 2076 quae
1207 1995 1415 2058 continentur

266 2099 503 2186 grammaticis,
530 2099 675 2176 musicis,
703 2098 848 2180 medicis,
882 2097 1082 2182 architectis,
1113 2100 1252 2185 insignis
1280 2100 1413 2166 ubertas

267 2207 413 2292 integras
446 2205 510 2270 sibi
539 2205 758 2270 hebdomadas
791 2204 989 2288 poposcerit:
1022 2204 1055 2268 id
1088 2206 1173 2288 quod
1201 2209 1288 2270 certo
1320 2207 1415 2270 testi·

266 2312 377 2378 monio
401 2312 440 2376 de
463 2311 648 2377 architectis
673 2315 811 2396 constat,
835 2314 886 2374 sat
905 2311 1045 2375 evidenti
1064 2312 1249 2376 coniectura
1272 2311 1415 2376 ereditur

266 2420 305 2484 de
328 2419 470 2483 medicis.

356 2525 446 2589 Haec
469 2525 571 2608 igitur
595 2524 622 2588 si
646 2547 711 2588 non
735 2546 847 2589 sumus
872 2528 1000 2607 praeter
1023 2525 1290 2608 probabilitatem
1313 2526 1415 2590 ratio·

267 2631 380 2714 cinati,
408 2653 607 2716 consequens
635 2631 775 2714 primum
802 2630 864 2695 hoe
888 2634 939 2694 est
960 2634 997 2694 ut
1024 2630 1155 2715 proprio
1180 2631 1260 2694 artis
1283 2633 1416 2697 nomine

267 2737 426 2822 insignita
456 2736 594 2800 facultas
627 2735 770 2800 humana
801 2736 842 2799 ab
872 2735 1101 2818 architectura,
1135 2759 1232 2820 quam
1258 2759 1317 2803 nos
1346 2737 1415 2803 fere

269 2844 391 2908 sociare
420 2865 491 2906 cum
520 2842 576 2906 illa
604 2841 843 2924 consuevimus,
871 2863 1003 2925 prorsus
1033 2847 1184 2926 separata
1210 2843 1323 2908 fuerit:
1355 2867 1415 2910 nec

268 2949 405 3014 sociavit
436 2948 571 3012 Plinius.
623 2949 773 3012 Alterum
810 2951 877 3028 est,
914 2951 950 3012 ut
987 2971 1052 3013 una
1089 2969 1160 3014 eum
1198 2948 1415 3016 architectura

268 3059 390 3120 ceteras
414 3054 604 3138 disciplinas
629 3055 777 3138 quintam
800 3055 957 3120 librorum
982 3055 1119 3138 dyadem
1143 3054 1300 3121 Varronis
1324 3078 1415 3122 occu·

254 3183 362 3246 passe
395 3161 614 3245 intellegatur.
652 3161 744 3237 Quod
772 3162 800 3225 si
830 3161 878 3226 ita
906 3165 971 3244 est,
1002 3164 1167 3244 tamquam
1196 3162 1334 3246 quadam
1362 3185 1416 3228 ne·

270 3267 421 3332 cessitate
449 3267 490 3332 ad
516 3267 699 3332 naturalem
728 3267 873 3332 ordinem
904 3267 1105 3352 singulorum
1139 3268 1282 3352 capitum
1314 3270 1415 3334 talem

270 3374 416 3438 ducimur
438 3373 566 3458 qualem
593 3373 680 3438 inira
707 3372 882 3457 posuimus.
924 3372 1054 3436 Etenim
1083 3373 1162 3457 dyas
1186 3374 1322 3459 prima,
1350 3376 1415 3440 nisi

270 3480 404 3545 mirifice
437 3479 523 3545 fallit
555 3480 680 3564 opinio,
715 3479 797 3563 ipsis
829 3501 936 3544 rerum
970 3478 1184 3544 humanarum
1218 3481 1414 3547 culminibus

270 3587 378 3653 dicata
406 3590 489 3670 erat,
517 3587 649 3672 regibus
678 3589 711 3651 et
738 3587 1003 3671 imperatoribus:
1037 3588 1206 3652 secunda
1235 3587 1415 3670 sapientiae

270 3695 375 3760 civilis
389 3695 582 3760 luminibus:
602 3693 723 3757 tertia
737 3693 855 3776 poetis:
875 3693 1088 3776 scriptoribus
1107 3697 1259 3776 quarta:
1279 3693 1416 3776 quinta

270 3801 463 3865 inlustribus
495 3800 529 3863 in
567 3798 810 3882 disciplinarum
848 3817 965 3882 genere
998 3797 1168 3881 exemplis:
1206 3803 1313 3862 sexta
1345 3802 1415 3864 arte

270 3907 381 3971 claris:
409 3907 575 3990 septima
603 3905 804 3988 promiscuae
827 3903 978 3968 varietati
1008 3903 1116 3988 aliquo
1140 3903 1236 3968 modo
1260 3927 1417 3970 memora-

222 4029 258 4070 11
272 4013 385 4077 bilium
425 4011 592 4076 hominum
629 4010 752 4076 relicta.
802 4011 906 4086 Quam
942 4009 1046 4094 ipsam
1088 4010 1279 4075 varietatem
1320 4011 1416 4076 facile

270 4122 406 4202 apparet
436 4121 562 4183 tantam
595 4138 776 4201 superesse,
813 4120 849 4180 ut
880 4138 946 4181 non
982 4117 1017 4180 in
1050 4117 1270 4202 conquirenda
1305 4119 1415 4202 potius

271 4248 368 4310 quum
401 4227 435 4290 in
468 4223 688 4290 contrahenda
721 4224 856 4288 materia
883 4222 1022 4289 Varroni
1056 4224 1286 4289 elaborandum
1320 4229 1415 4290 esset.

270 4329 383 4414 Neque
407 4333 494 4396 enim
518 4331 611 4414 alius,
635 4330 776 4394 simodo
801 4330 919 4414 aliquis
939 4334 1018 4412 erat,
1042 4331 1131 4396 locus
1152 4353 1322 4396 concessus
1345 4353 1416 4396 esse

272 4437 362 4500 velut
390 4437 494 4522 magis
523 4441 556 4502 et
583 4435 803 4500 sacerdotibus
831 4435 939 4520 potuit
966 4436 1159 4522 ratibusque
1191 4441 1224 4502 et
1254 4435 1415 4502 chresmo·
