3274 5114
553 431 769 482 rasennam
791 431 978 478 susurrus.
1274 408 1338 474 193

195 570 321 636 neando
345 575 423 639 ante
447 573 558 640 oculos
581 577 759 660 posueruut
771 571 901 658 Lipsius
915 569 1152 638 Poliorccticon
1166 567 1214 634 Ι.Ι
1229 590 1299 653 cap.
1309 568 1339 651 6,

195 674 424 761 Marquardtns
446 677 628 746 Euchiridii
652 679 802 765 antiquit.
825 677 1018 744 Beckeriani
1042 681 1065 742 t.
1088 674 1151 760 ΙΙΙ,
1175 676 1196 740 2
1219 698 1249 759 p.
1264 675 1339 741 478.

194 782 244 851 De
272 784 335 851 hoc
362 788 486 870 autem,
517 807 584 852 non
612 785 652 854 de
675 787 782 871 priore
810 786 867 852 illo
890 785 1054 852 tollenone
1077 781 1229 848 Plautum
1253 781 1340 866 cogi-

195 895 282 958 tasse
305 891 368 959 duo
391 892 517 960 faciunt
538 897 576 960 ut
598 894 735 962 credam.
776 893 935 977 Primum,
959 892 1045 978 quod
1068 913 1141 957 cnm
1164 889 1340 956 tollenouis

194 999 359 1066 mentione
378 1001 538 1066 sociatum
553 999 691 1086 ‘pilum
710 999 907 1086 graecum’
922 1000 1002 1066 item
1021 998 1062 1064 ad
1080 1020 1148 1064 rem
1167 997 1340 1062 militarem

195 1109 294 1191 atque
326 1107 406 1174 adeo
438 1109 672 1175 obsidionalem
705 1111 839 1193 spectat
897 1105 973 1173 Nou
1005 1110 1115 1191 potest
1150 1126 1227 1170 sane
1259 1103 1341 1168 illud

195 1211 321 1296 ‘pilum'
344 1215 447 1280 telum
469 1215 619 1300 intellegi
643 1215 729 1300 quod
751 1215 877 1299 iacitur,
901 1213 997 1298 quale
1020 1213 1127 1278 estin
1150 1209 1341 1278 Curculione
1413 1225 1417 1233 '

195 1343 225 1385 v.
248 1321 313 1388 689
347 1320 447 1388 ‘facio
476 1346 514 1390 cx
541 1327 574 1389 te
604 1322 702 1390 hodic
729 1323 834 1408 pilum
863 1321 1127 1406 catapultarium,
1158 1319 1267 1405 Atque
1295 1319 1342 1384 ita

195 1431 228 1490 te
255 1451 355 1496 nemo
383 1431 557 1517 torquebo,
589 1431 703 1498 itidem
730 1435 767 1498 nt
789 1431 974 1515 catapultae
999 1426 1133 1513 solent’3
1166 1427 1265 1492 immo
1288 1449 1342 1491 ne

197 1555 285 1600 cesse
308 1540 359 1602 est
379 1539 447 1604 tela
465 1539 637 1606 iacientem
656 1539 841 1606 muchium
860 1539 998 1625 cogitari
1017 1536 1158 1602 similem
1175 1533 1342 1618 tollenoni,

197 1663 407 1729 quamquam,
437 1646 542 1730 qualis
570 1647 628 1712 illa
655 1645 756 1713 fuerit
783 1649 817 1712 et
845 1668 865 1712 a
886 1645 1051 1710 tollenone
1074 1665 1138 1730 quo
1162 1642 1258 1708 modo
1280 1640 1341 1706 dit'-

196 1748 294 1834 lerat,
325 1754 481 1818 testatum
512 1775 578 1818 non
609 1753 776 1818 habemus.
825 1750 872 1817 Vt
903 1750 991 1816 enim
1024 1753 1057 1814 et
1084 1746 1281 1834 ‘catapulta'
1311 1751 1344 1812 et

198 1854 358 1941 ‘scorpio’
378 1859 447 1925 sire
466 1857 648 1946 ‘scorpius’
667 1863 701 1924 et
720 1855 884 1925 ‘ballista’
902 1879 969 1923 uon
992 1859 1120 1922 tautum
1143 1854 1343 1920 mittentium

198 1963 336 2048 sagittas
359 1965 411 2030 vel
434 1987 513 2030 saxa
535 1969 772 2032 tormentorum
795 1965 929 2032 nomina
952 1967 1041 2049 sunt,
1069 1961 1125 2028 sed
1152 1961 1343 2028 certissimis

199 2071 362 2154 exemplis,
385 2094 468 2156 quae
490 2077 620 2158 praeter
643 2073 747 2137 lexica
770 2071 871 2137 habes
892 2069 979 2156 apud
992 2069 1237 2154 Marquardtum
1255 2069 1276 2134 l.
1284 2091 1309 2133 s.
1318 2091 1343 2133 s.

199 2195 228 2258 p.
246 2177 311 2242 466
336 2181 370 2243 et
391 2177 467 2261 467,
490 2178 588 2244 etiam
611 2178 786 2244 missorum
810 2178 851 2242 ab
875 2177 942 2242 illis
965 2177 1144 2242 iaculorum
1157 2173 1209 2262 ¹⁰):
1231 2176 1280 2242 ita
1303 2175 1343 2240 ad

199 2285 369 2370 utrumque
392 2305 494 2370 genus
518 2283 611 2370 ‘pili’
635 2307 761 2372 quoque
785 2285 1037 2370 appellationem
1060 2282 1254 2366 pertinuisse
1277 2304 1343 2348 cre·

198 2386 338 2455 dendum
362 2397 421 2457 est
467 2389 679 2477 ‘graecum’
702 2391 804 2478 igitur
827 2391 958 2475 dicitur,
990 2411 1030 2455 ne
1054 2387 1092 2452 de
1116 2388 1184 2474 pilo
1207 2410 1342 2454 romano

198 2495 219 2558 i.
233 2517 259 2560 e.
277 2495 415 2584 ἀκοντίῳ
439 2499 610 2586 cogitetur,
634 2497 730 2564 (lucto
753 2498 840 2562 haud
864 2496 960 2564 dubie
983 2494 1113 2562 nornine
1137 2517 1157 2560 a
1180 2495 1344 2562 machina·

198 2623 269 2666 rurn
284 2602 565 2670 Archimediarurn
585 2604 780 2689 inventione,
804 2605 842 2670 de
867 2605 983 2690 quibus
997 2601 1109 2668 Livius
1128 2603 1212 2668 libro
1226 2601 1343 2668 XXIV.

199 2705 355 2776 Similiter
378 2711 530 2797 ‘graecus
553 2709 705 2778 trochns'
728 2711 867 2778 Horatio
891 2711 1009 2776 dicitur
1033 2707 1139 2775 Carm.
1162 2709 1220 2794 111,
1229 2711 1281 2792 24,
1291 2709 1344 2794 57,

198 2818 235 2878 ut
257 2815 392 2904 originis
416 2839 559 2903 graecm.
580 2855 619 2865 —
644 2815 753 2902 Vides,
776 2817 856 2882 haec
880 2816 908 2880 si
931 2815 1147 2901 probabiliter
1169 2815 1344 2902 disputavi-

199 2943 285 3006 mus,
317 2927 473 3008 quautum
507 2947 527 2989 a
557 2945 634 2989 vero
670 2923 864 3006 aberrarint,
897 2922 925 2987 si
955 2922 1010 3006 qui
1040 2925 1098 2986 aut
1120 2919 1255 3004 ‘pilum'
1279 2943 1342 3006 quo

198 3029 386 3112 pinsebatnr
415 3031 620 3116 interpretati
651 3036 727 3096 sunt
756 3035 794 3096 ut
824 3029 993 3096 Turnebus
1022 3027 1194 3094 Adversar.
1217 3028 1237 3093 l.
1261 3050 1286 3092 s.
1310 3049 1343 3114 s.,

270 3201 315 3276 lo)
335 3205 511 3276 Quamquam
529 3223 584 3262 non
603 3205 740 3274 omnibus,
760 3205 861 3275 quibus
878 3205 924 3260 vel
943 3204 1050 3260 Nonius
1069 3223 1095 3276 p.
1115 3209 1167 3258 662
1187 3203 1232 3260 vel
1250 3219 1343 3258 recen·

197 3290 283 3347 tiores
311 3294 440 3363 utuntur,
468 3295 603 3368 exemplis
628 3297 679 3350 aut
702 3293 837 3364 probatur
861 3295 911 3348 ant
935 3295 980 3349 sat
1004 3294 1080 3352 certo
1106 3283 1241 3362 probatur
1266 3292 1341 3360 quod

198 3380 306 3436 Nonius
323 3381 404 3438 dicit:
434 3383 649 3453 ‘catapulta,
667 3381 791 3438 iaculum
809 3381 884 3438 celer
901 3381 948 3437 vel
966 3379 1097 3451 sagitta'.
1134 3379 1221 3435 Velut
1238 3379 1343 3434 machi-

198 3487 264 3526 nam
288 3470 380 3542 ipsam
405 3475 531 3543 spectare
556 3473 626 3528 baec
651 3473 779 3542 possunts
807 3471 908 3556 Persae
927 3489 952 3526 v.
973 3475 1007 3524 28
1034 3468 1160 3524 ‘ulmeae
1182 3469 1343 3538 catapultae

198 3561 277 3614 tuom
305 3577 339 3615 ne
362 3561 530 3633 transfigant
550 3561 653 3630 latus',
686 3559 859 3616 Curculionis
878 3565 931 3616 394
961 3557 1124 3630 ‘catapulta
1150 3558 1204 3612 hoc
1230 3557 1345 3614 ictumst

199 3648 294 3718 mihi',
322 3651 456 3708 Varronis
478 3651 553 3722 apud
572 3649 695 3708 Nouium
716 3651 795 3704 ‘cnm
819 3650 880 3720 ipse
904 3648 1048 3718 catapulta
1065 3647 1137 3702 ictus
1157 3647 1260 3714 esset'3
1287 3663 1343 3702 non

198 3740 317 3806 possunt
335 3741 429 3795 autem
447 3757 504 3796 uon
521 3741 648 3812 spectare
667 3737 841 3796 Curculiouis
859 3755 885 3792 v.
905 3741 956 3792 689
972 3754 1012 3806 sq.
1036 3735 1123 3791 verba
1140 3750 1224 3804 supra
1242 3735 1342 3805 posits,

199 3825 267 3880 item
286 3825 468 3898 Captivorum
487 3835 538 3886 796
559 3831 641 3885 ‘nam
660 3847 738 3884 meus
757 3831 800 3884 est
816 3827 932 3883 ballista
949 3843 1070 3897 pugnus,
1089 3823 1199 3878 eubitm
1217 3823 1343 3895 catapul-

199 3916 257 3970 me
274 3915 352 3987 mihi,
371 3937 484 3975 umerus
505 3920 599 3976 aries’.
636 3919 740 3975 Contra
758 3919 836 3974 certa
853 3919 919 3972 sunt
936 3915 1014 3971 Cure.
1030 3919 1081 3969 328
1102 3913 1179 3968 ‘uam
1196 3912 1279 3970 illaec
1297 3930 1342 3970 ca-

199 4005 323 4074 tapultas
346 4007 383 4062 ad
405 4025 450 4064 me
474 4009 570 4065 crebro
594 4007 781 4075 commeant’;
809 4005 878 4061 item
896 4007 929 4062 ut
947 4003 1058 4062 videtur
1076 4003 1175 4058 'I'itinii
1192 4022 1217 4058 v.
1239 4008 1289 4058 126
1308 4003 1342 4060 a.

201 4093 345 4164 ‘quoniam
370 4099 517 4169 catapulta
541 4099 661 4155 auolat’.
699 4097 737 4152 Et
762 4097 797 4151 ds
823 4095 971 4151 ballista
989 4093 1107 4149 Poenuli
1124 4093 1146 4160 l,
1166 4099 1190 4162 1,
1210 4097 1243 4147 73
1264 4092 1343 4162 ‘quoi

199 4181 255 4238 iam
274 4184 409 4242 infortuni
426 4187 536 4242 intenta
553 4187 696 4244 ballistast
714 4187 810 4258 probe,
829 4200 914 4254 quam
933 4200 985 4253 ego
1004 4182 1079 4237 band
1097 4181 1186 4236 multo
1200 4182 1265 4250 post
1278 4179 1341 4236 mit·

199 4275 258 4327 tam
277 4291 292 4328 a
310 4273 493 4344 ballistario'3
527 4275 628 4330 Lucilii
651 4276 727 4347 apud
746 4275 868 4331 Nouium
891 4291 918 4342 p.
938 4277 999 4340 266,
1018 4276 1052 4325 26
1073 4267 1216 4324 ‘ballistas
1234 4267 1342 4324 iactans

199 4363 398 4431 centenarias’;
430 4365 499 4420 item
522 4365 557 4419 de
580 4365 759 4436 scorpione
782 4363 914 4418 Sisennae
937 4359 1013 4430 apud
1035 4357 1158 4414 Nouium
1179 4375 1206 4428 p.
1226 4363 1288 4428 663,
1306 4363 1341 4414 26

202 4449 336 4521 ‘scorpios
354 4453 498 4524 catapulta
516 4453 651 4509 concitos'
672 4455 738 4522 (non
757 4451 825 4507 item
845 4449 973 4505 Sallustii
991 4463 1063 4518 quae
1082 4447 1271 4519 praecedunt),
1289 4465 1342 4504 nec

200 4537 282 4593 aliter
301 4540 369 4596 belli
387 4541 512 4597 Africani
531 4559 552 4597 e.
572 4547 607 4596 29
629 4541 785 4611 ‘scorpione
803 4537 962 4594 accuratius
980 4535 1088 4594 misso'.

252 4647 294 4683 ru.
309 4647 457 4685 aurscnrnu
477 4648 610 4686 osvsuvcu
629 4651 669 4684 ιιι.
1078 4631 1110 4680 18
