3274 5114
667 362 950 411 eonnanrsmvs.
1321 345 1384 409 231

240 501 286 566 Et
313 502 442 568 initium
470 505 599 588 quidem
628 505 744 570 borum
773 527 923 570 versuum
951 505 1049 591 longo
1078 527 1116 570 ex
1144 508 1291 590 tempore
1320 505 1386 570 tale

240 609 393 694 vulgatur
415 610 486 676 loeo
510 612 631 694 priore:
661 613 708 678 uil
731 612 864 678 Publius
880 611 891 695 ΙΙ
908 610 1011 694 Scipio
1029 613 1165 695 profuit,
1188 613 1236 676 uil
1257 614 1286 676 ei
1308 611 1386 676 Lai·

240 716 309 800 lius,
332 717 379 782 nil
401 717 537 784 Furius:
571 742 591 784 a
614 741 677 804 qna
700 720 807 803 speeie
831 719 879 784 itu
902 723 1030 784 tantum
1055 719 1256 784 Rothianum
1281 738 1384 782 exem-

240 823 329 906 plum
354 822 463 889 differt
485 829 523 890 ut
545 827 595 891 iili
617 849 676 910 pro
695 828 723 891 ei
741 826 949 892 substituerit
967 826 1047 891 duce
1065 825 1224 910 Parisino,
1246 825 1281 889 id
1300 824 1384 909 quod

239 931 304 995 iam
332 932 616 997 commendaverat
639 931 796 1016 Guyetus.
842 930 932 996 Talis
963 936 1074 997 tamen
1098 932 1294 998 constructio
1318 953 1383 995 non

241 1038 346 1103 minus
375 1039 415 1102 ab
444 1061 504 1103 usu
533 1062 631 1124 quam
660 1039 700 1104 ab
729 1037 893 1124 elegantia
916 1038 1096 1103 reiectanea
1120 1043 1183 1104 est:
1216 1060 1275 1104 nee
1298 1038 1383 1102 enim

240 1145 308 1209 fieri
331 1147 440 1228 potest
463 1149 499 1208 ut
522 1167 538 1209 e
561 1145 666 1210 tribus
690 1143 845 1209 membris
869 1144 1026 1208 orationis
1046 1145 1157 1230 eisque
1177 1144 1320 1209 eiusdem
1338 1145 1385 1208 uil

240 1251 328 1316 vocis
357 1251 526 1334 anaphora
550 1251 762 1335 aequabiliter
788 1251 940 1316 formatis
964 1251 1090 1316 dabvus
1115 1253 1220 1317 solum
1244 1251 1384 1316 medium

241 1360 388 1442 occupet,
421 1357 475 1441 qni
504 1361 561 1421 aut
588 1358 649 1423 soli
672 1359 776 1441 primo
801 1356 993 1422 conveniens
1018 1361 1089 1421 erat
1111 1357 1173 1423 boe
1196 1363 1305 1442 paeto:
1338 1359 1385 1423 nil

239 1465 267 1528 ei
295 1464 360 1548 (vel
388 1464 451 1549 illi)
481 1463 585 1546 Scipio
611 1465 747 1547 profuit,
779 1465 826 1528 uil
852 1463 993 1542 Laelius,
1026 1464 1073 1528 uil
1099 1463 1235 1544 Furium,
1267 1469 1325 1529 aut
1352 1469 1385 1530 et

240 1570 345 1654 primo
369 1573 402 1634 et
425 1559 574 1636 seedndo.
607 1571 690 1648 'Quo
714 1575 824 1636 tamen
846 1593 912 1636 non
936 1570 985 1634 ita
1007 1573 1098 1634 utere
1122 1574 1158 1634 ut
1182 1572 1278 1636 simul
1303 1577 1335 1636 et
1357 1573 1386 1636 ei

240 1680 272 1740 et
294 1677 343 1742 iiii
365 1677 556 1760 pronomine
580 1681 731 1761 suscepto
755 1700 772 1740 e
795 1677 945 1742 Parisino
968 1676 1030 1741 hoe
1054 1697 1155 1761 genus
1179 1678 1310 1761 probes:
1338 1679 1386 1742 nii

239 1783 370 1848 Publius
386 1781 397 1865 ΙΙ
414 1782 518 1865 Scipio
541 1792 567 1848 ei
584 1784 714 1865 profuit,
737 1784 785 1848 uit
807 1784 857 1848 iili
870 1783 1012 1866 molius,
1034 1783 1082 1848 nii
1094 1783 1232 1848 Furius:
1256 1783 1384 1867 quando

239 1889 396 1953 absonum
412 1893 462 1954 est
476 1889 612 1954 diversis
627 1890 871 1974 pronominibus
885 1889 1019 1954 eandem
1033 1911 1206 1973 personam
1219 1890 1384 1956 declarari.

239 1993 297 2060 His
326 1999 434 2060 aulem
462 1997 676 2062 incommodis
704 1998 841 2082 quinos
865 1996 1086 2082 expediamus,
1119 1997 1173 2060 via
1195 2001 1312 2081 parata
1335 2001 1385 2062 est

238 2103 427 2168 certissima.
474 2103 551 2180 Quis
580 2105 683 2189 enim,
713 2105 766 2189 qui
796 2104 937 2189 aliquem
967 2125 1097 2168 sensum
1122 2103 1303 2189 elegantiae
1326 2103 1383 2167 ba-

238 2209 323 2292 beat,
337 2211 500 2293 patienter
518 2209 603 2274 ferat
622 2209 757 2274 duomm
771 2231 922 2274 versuum
943 2210 1090 2275 confiniis
1110 2207 1238 2273 divulsa
1252 2208 1384 2274 Publius

238 2315 341 2399 Scipio
368 2316 524 2381 nomina?
574 2314 619 2379 Et
648 2319 684 2380 ut
711 2315 797 2379 ultra
824 2315 1014 2400 progrediar
1042 2313 1280 2396 ratiocinando,
1311 2315 1382 2398 quis

239 2423 369 2486 omnino
393 2422 537 2486 additum
552 2421 685 2486 Publius
707 2443 902 2505 praenomen
924 2422 1048 2505 probet,
1071 2443 1145 2485 eum
1168 2420 1207 2484 de
1230 2419 1296 2484 alio
1319 2422 1383 2484 nisi

240 2527 355 2592 Publio
379 2527 530 2614 Scipione
559 2529 690 2593 omnino
720 2529 856 2613 eogitari
879 2527 1040 2613 nequeat?
1086 2525 1159 2592 Vno
1182 2527 1281 2591 verbo
1305 2527 1381 2611 quid

237 2635 283 2698 rei
307 2637 351 2700 sit
373 2635 531 2719 aperiam:
554 2655 619 2700 non
639 2641 689 2700 est
708 2635 745 2700 P.
763 2635 815 2700 vel
829 2656 862 2717 p.
882 2639 960 2700 nota
974 2633 1106 2699 Publius
1128 2633 1383 2717 interpretanda,

238 2741 293 2806 sed
316 2741 435 2819 Publio,
459 2743 522 2806 sie:
544 2743 593 2806 nu
606 2741 718 2807 Publio
735 2741 746 2824 ΙΙ
763 2742 866 2824 Scipio
883 2743 1014 2824 profuit,
1036 2741 1084 2806 nii
1105 2742 1155 2805 illi
1177 2741 1313 2817 Laelium,
1335 2741 1383 2804 nil

237 2847 367 2924 Furius,
389 2845 421 2911 b.
444 2868 470 2911 e.
494 2845 609 2912 Publio
634 2847 794 2912 Terentio.
837 2847 929 2924 Quod
954 2847 1082 2932 quidem
1106 2847 1230 2930 pridem
1254 2867 1380 2930 perspe-

238 2975 361 3033 xeram,
394 2975 466 3018 eum
494 2953 601 3036 ipsum
632 2953 712 3017 illud
740 2953 852 3019 Publio
880 2959 1005 3018 exstare
1033 2955 1065 3018 in
1094 2952 1245 3017 Vrbinati
1273 2953 1380 3018 codiee
1394 2974 1434 3014 sss

239 3058 390 3142 comperi.
435 3057 510 3124 Non
533 3059 596 3123 nisi
620 3059 759 3142 simplici
787 3059 917 3124 nomine
945 3065 1001 3124 ant
1023 3061 1214 3141 Africanum
1237 3063 1293 3124 aut
1315 3059 1381 3124 Soi-

232 3165 371 3246 pionern,
395 3169 452 3229 aut
474 3164 605 3230 Philum
628 3167 685 3229 aut
707 3165 846 3230 Furium
868 3165 1003 3230 Porcius
1027 3165 1121 3230 dixit:
1145 3164 1234 3248 item,
1258 3168 1294 3229 ut
1316 3165 1381 3230 lu-

238 3271 335 3336 blium
358 3271 422 3355 ille,
445 3271 493 3336 ita
515 3271 633 3351 Afrum
657 3271 850 3356 simpliciter
867 3270 1035 3336 Volcatius
1058 3270 1142 3334 infra
1163 3293 1194 3354 p.
1210 3273 1284 3356 211,
1299 3273 1377 3337 7.-

240 3377 375 3460 Quodsi,
403 3377 457 3461 qui
486 3377 620 3442 tandem
647 3378 675 3442 ei
697 3399 876 3462 pronomen
898 3379 962 3443 hue
984 3377 1169 3460 inrepserit,
1197 3379 1380 3463 quaesieris,

236 3483 423 3568 responderi
454 3485 575 3568 poterit
604 3506 737 3568 prorsus
768 3485 916 3568 apposite
947 3484 987 3548 ad
1017 3483 1266 3568 persuasionem.
1312 3483 1380 3550 Nee

238 3591 322 3655 enim
346 3589 413 3655 ullo
438 3591 534 3655 modo
559 3590 713 3656 credibile
737 3595 787 3656 est
810 3591 961 3656 inferiore
984 3591 1056 3656 loeo
1072 3588 1272 3674 Suetonium,
1294 3595 1380 3674 post

238 3717 334 3780 quam
356 3695 506 3762 hortulos
521 3715 569 3762 xx
588 3698 736 3783 iugerum
752 3721 771 3763 a
785 3697 937 3762 Terentio
956 3697 1087 3762 relictos
1107 3691 1381 3779 commemoravit,

235 3803 440 3870 mirationem
468 3804 507 3868 de
536 3805 699 3870 contrario
728 3805 834 3870 Porcii
862 3804 1049 3869 testimonio
1077 3824 1169 3867 suam
1197 3801 1246 3867 ita
1272 3802 1380 3886 prodi-

235 4012 291 4068 viel
309 4014 436 4069 erballen
454 4013 501 4080 iat,
521 4013 597 4069 sunit
614 4015 725 4081 hinanl;
745 4015 803 4070 und
817 4016 903 4070 notan
917 4032 962 4070 am
978 4015 1058 4069 Rsnd
1074 4013 1135 4070 sind
1149 4013 1179 4068 in
1193 4013 1239 4069 die
1253 4013 1379 4084 niedrige

236 4120 298 4156 aum
326 4101 407 4156 Theil
437 4101 651 4172 einigermassen
679 4104 823 4159 bebauene
850 4103 996 4159 Felswand
1024 4103 1092 4158 oder
1123 4121 1172 4157 aus
1204 4101 1249 4156 ihr
1276 4103 1379 4156 herans

169 4199 173 4206 ⁴
235 4189 361 4244 Exedren
381 4191 567 4259 ansgebauen
587 4208 640 4245 von
660 4192 748 4246 denen
768 4209 818 4246 aus
837 4210 901 4246 man
920 4193 970 4246 das
989 4192 1070 4246 weite
1085 4190 1158 4244 'Phal
1176 4189 1229 4242 mit
1248 4189 1311 4243 dem
1327 4189 1378 4245 See

235 4278 291 4332 und
310 4277 374 4332 dem
394 4278 533 4348 mtssigen
553 4279 677 4348 Bergaug
695 4281 856 4350 gegendber
874 4297 944 4350 ganz
964 4279 1138 4350 gembthlieh
1158 4277 1312 4348 plaudernd
1332 4279 1378 4334 be·

235 4381 317 4432 quern
332 4367 524 4422 ubersehuuen
539 4367 663 4420 konntest
684 4367 724 4424 cf.
740 4367 832 4422 Rossii
843 4368 955 4423 ‘Reiaen
968 4368 1026 4422 und
1040 4366 1234 4422 Reiserouten'
1250 4385 1277 4436 p.
1288 4372 1377 4438 blsq„

235 4452 324 4508 Curtii
342 4454 495 4524 Peloponn.
516 4455 527 4507 l
548 4471 574 4522 p.
595 4459 647 4508 204
662 4471 701 4524 aq.
