3294 5104
291 355 357 418 346
454 373 457 379 ·
562 371 804 431 qvnusrronus
828 371 1163 420 ononnronoorcnn.

290 513 367 577 bula
386 512 537 578 Plautina
560 514 682 578 versari
706 513 875 578 voluimus.
920 513 969 583 lbi
994 516 1080 578 enim
1104 516 1159 599 qui
1182 515 1275 579 miles
1298 515 1436 580 habetur

290 619 655 702 ANTHEMONIDES,
679 620 761 684 unde
785 621 916 685 tandem
939 620 1044 685 dictus
1068 622 1257 704 putabitur?
1281 645 1352 686 cum
1377 641 1451 686 nee‘

290 727 331 791 ab
359 726 499 806 ἄνθεμον
529 727 584 811 qui
614 749 693 792 sana
719 727 846 792 ratione
870 726 1100 806 Ἀνθεμωνίδηε
1127 729 1185 792 fiat
1213 729 1436 813 perspiciatur,

289 857 348 899 nec
375 856 415 898 ea
442 835 515 916 ipsa
541 833 672 898 notione
700 833 869 918 quicquam
897 834 1074 918 excogitari
1100 835 1242 917 ineptius
1265 836 1372 918 possit
1394 835 1435 900 ad

288 947 413 1006 trucem
444 941 585 1005 indolem
615 939 729 1003 militis
761 940 895 1026 gloriosi
925 940 1177 1026 significandam.
1222 939 1307 1005 Illud
1334 941 1435 1026 igitur

289 1049 357 1112 sive
386 1047 462 1112 Aldi
480 1048 559 1112 *sive
592 1051 628 1110 ut
660 1047 807 1130 suspicor
842 1047 971 1131 Angelii
1003 1049 1183 1130 inventum,
1217 1052 1435 1132 propagatum

289 1179 306 1219 a
339 1153 538 1238 Camerario,
570 1176 633 1238 quo
662 1153 875 1219 confidentius
903 1155 1037 1218 missum
1066 1155 1218 1239 facimus,
1251 1177 1288 1220 eo
1316 1154 1435 1218 certior

290 1283 364 1344 spes
398 1263 447 1324 est
478 1261 547 1324 fore
580 1266 616 1325 ut
648 1283 757 1326 reram
790 1262 930 1326 nominis
962 1262 1116 1347 formam,
1150 1263 1354 1326 obscuratam
1385 1261 1433 1324 in-

290 1367 378 1431 curia
400 1367 616 1451 librariorum,
639 1389 706 1432 non
730 1367 889 1451 obrutam,
912 1369 1076 1452 probabili
1100 1371 1286 1434 coniectura
1303 1389 1433 1450 recupe-

289 1497 405 1540 remus.
445 1473 490 1538 Et
513 1473 546 1536 in
570 1473 768 1538 editionibus
792 1473 921 1558 quidem
945 1475 1107 1539 veteribus
1129 1476 1329 1559 noviciisque
1348 1473 1435 1538 eodi-

275 1582 379 1676 'cibus
417 1603 489 1646 cum
521 1580 709 1664 plerumque
742 1580 963 1646 Antamonides
1000 1581 1156 1666 scriptum
1189 1582 1248 1664 sit,
1281 1603 1344 1645 uno
1375 1581 1433 1645 illo

288 1712 351 1773 quo
384 1689 416 1753 in
450 1688 520 1772 ipsa
552 1687 665 1751 fabula
697 1709 815 1752 nomen
842 1687 963 1771 legitur
990 1689 1078 1770 loco,
1106 1688 1160 1772 qui
1189 1695 1239 1753 est
1262 1688 1301 1772 V,
1324 1689 1359 1771 5,
1381 1688 1434 1769 43,

290 1793 608 1860 ANTAMONIDES
633 1793 870 1858 Ambrosianus
899 1795 1105 1858 membranae
1133 1817 1198 1858 una
1226 1817 1298 1858 eum
1322 1791 1433 1858 Veteri

288 1902 396 1966 codice
424 1904 605 1983 praestant,
635 1901 844 1964 cristomeaaics
871 1898 1080 1984 Decurtatus,
1107 1900 1341 1966 antleoneouedes
1369 1899 1433 1963 Va-

288 2009 433 2071 ticanus:
470 2009 637 2089 praeterea
670 2009 778 2070 autem
815 2006 848 2070 in
885 2027 1096 2088 personarum
1134 2007 1237 2071 indice
1275 2011 1364 2072 aetus
1402 2006 1433 2070 11

290 2109 627 2178 ANTAMOINIDES
655 2111 891 2176 Ambrosianus
924 2111 1067 2194 exhibet,
1097 2111 1434 2178 ANTAMONEDEs

288 2226 422 2304 uterque
454 2218 623 2284 Palatinus
652 2241 724 2284 cum
752 2217 928 2284 Vaticano:
961 2223 1125 2302 postremo
1152 2219 1186 2283 in
1218 2219 1433 2304 inscriptione

288 2349 422 2392 scaenae
447 2327 475 2392 V
505 2331 595 2392 aetus
623 2325 653 2389 V
677 2324 836 2391 ΑΝΤΑΜ
856 2376 863 2389 .
881 2375 889 2391 .
909 2375 943 2390 ..
972 2330 1136 2408 superstes
1164 2329 1213 2390 cst
1240 2328 1273 2392 iu
1298 2328 1433 2392 Ambro-

288 2436 393 2518 siano,
423 2431 775 2499 ANTAMOENIDES
805 2436 967 2498 servatum
997 2433 1029 2498 in
1054 2432 1176 2498 Veteri.
1226 2433 1374 2518 Namque
1398 2439 1435 2498 ut

288 2563 353 2606 uno
382 2543 480 2607 verbo
509 2541 612 2605 dicam
642 2541 727 2623 quod
759 2563 810 2604 res
838 2543 901 2622 est,
933 2561 997 2604 non
1028 2539 1115 2603 aliud
1139 2539 1172 2602 in
1196 2541 1344 2625 vestigiis
1367 2541 1433 2605 illis

288 2648 387 2713 latuit
414 2647 478 2712 nisi
507 2646 860 2712 Antamoenides
892 2669 1025 2730 nomen,
1058 2650 1237 2730 aequatque
1269 2669 1307 2712 ea
1335 2647 1434 2730 scrip·

288 2759 362 2820 tura
385 2776 536 2840 graecum
560 2776 679 2820 nomen
699 2753 932 2833 Ἀνταμυνίδηε,
956 2775 1019 2837 quo
1044 2752 1178 2817 mirifice
1202 2752 1243 2816 ad
1261 2753 1434 2816 veritatem

289 2863 403 2927 militis
435 2865 544 2948 imago
576 2861 839 2940 ἀνταμυνομὲνΟυ
872 2860 1068 2944 designatur.
1114 2859 1238 2934 Quodsi
1268 2859 1322 2942 qui
1353 2859 1434 2923 illud

289 2970 347 3033 fiat
370 2969 534 3052 quaeritis,
558 2969 623 3034 cari
648 2967 878 3049 adulescentes,
902 2969 938 3032 ut
961 2967 994 3029 in
1017 2987 1050 3030 oe
1073 2965 1312 3050 diphthongum
1336 2988 1354 3029 n
1379 2987 1432 3030 vo·

289 3075 368 3138 calis
392 3077 548 3158 transeat,
571 3076 672 3140 nolite
696 3075 764 3139 ulla
786 3075 821 3138 in
845 3074 929 3138 hano
953 3078 1079 3158 partem
1104 3074 1134 3137 vi
1158 3095 1227 3138 esse
1252 3095 1289 3138 ca
1311 3077 1435 3156 putare,

291 3203 373 3265 quae
394 3181 504 3246 affinia
524 3183 639 3265 specie,
658 3203 771 3264 reapse
791 3180 991 3244 alienissima
1010 3183 1099 3245 sunt:
1124 3180 1212 3244 velut
1230 3179 1315 3263 quod
1335 3177 1435 3243 Boeo-

290 3292 398 3352 torum
427 3287 565 3352 dialeeto
591 3288 785 3371 aliquotiens
809 3308 839 3351 οι
864 3287 969 3351 estin
993 3309 1011 3351 u
1036 3289 1212 3370 mutatum,
1236 3285 1340 3370 quode
1364 3284 1433 3348 dili-

290 3413 368 3478 gens
401 3393 559 3476 imprimis
592 3393 824 3478 grammaticus
853 3392 892 3457 H.
922 3392 956 3456 L.
986 3393 1112 3460 Ahrens
1145 3397 1256 3458 noster
1287 3393 1368 3456 dixit
1395 3391 1435 3454 de

290 3499 365 3563 dial.
390 3498 482 3564 Aeol.
500 3522 530 3582 p.
552 3501 628 3564 191:
653 3499 702 3564 vel
727 3499 812 3584 qnod
836 3500 1021 3584 pervulgari
1044 3523 1110 3566 non
1134 3500 1340 3564 librariorum
1363 3500 1433 3561 tan·

290 3611 358 3672 tum
379 3605 434 3670 sed
454 3605 685 3689 lapidariornm
704 3627 831 3690 quoque
851 3629 958 3671 errore
978 3629 1051 3672 cum
1069 3607 1200 3672 eaedem
1214 3607 1342 3670 litterae
1356 3603 1434 3668 illae

290 3718 359 3777 tum
382 3734 416 3778 oc
438 3719 471 3777 et
493 3735 514 3796 p
538 3717 738 3798 permutatae
762 3719 846 3798 sunt,
870 3715 958 3778 cuius
982 3714 1028 3778 rei
1052 3714 1267 3778 reconditiora
1289 3711 1435 3794 exempla

235 3822 447 3904 vnquaedarn
476 3821 676 3904 exprompsit
704 3819 852 3885 Valesius
881 3821 914 3884 in
943 3819 1134 3903 Harpocrat.
1162 3842 1189 3882 v.
1213 3819 1434 3897 Πτοιόδωροα

291 3927 340 3992 vel
364 3927 449 4010 quod
474 3949 648 4009 paucorum
672 3926 873 4009 quorundam
896 3927 1064 3992 nominum
1084 3926 1254 3991 fortasse
1273 3925 1433 4009 duplicem

291 4037 428 4100 sormam
457 4033 522 4097 iam
551 4033 728 4118 antiquitas
751 4034 843 4099 novit
866 4038 902 4098 ut
925 4031 1108 4112 Ἀνδροίτα(
1131 4031 1316 4112 Ἀνδρύταε,
1348 4028 1434 4114 quod

290 4162 391 4226 genus
412 4139 483 4206 Car.
503 4139 629 4206 Keilins
652 4140 843 4224 perstrinxit
857 4139 951 4234 Anal.
974 4140 1075 4224 epigr.
1099 4145 1136 4214 et,
1157 4141 1299 4202 onomat.
1314 4159 1344 4219 p.
1364 4137 1434 4216 163,

291 4271 486 4332 quamquam
517 4251 639 4314 certam
670 4247 765 4311 fidem
795 4269 854 4310 nec
885 4247 950 4311 alia
972 4245 1095 4312 babent
1118 4249 1151 4310 et
1174 4243 1317 4308 omnium
1342 4242 1434 4305 mini·

291 4377 377 4419 mam
406 4357 531 4421 Ποίθιοι
560 4377 617 4438 pro
645 4352 760 4419 Πύθιοι
791 4353 1020 4436 expulsumque
1051 4373 1154 4435 nuper
1183 4373 1203 4414 a
1224 4348 1386 4412 Meinekio
1417 4371 1434 4412 e

292 4459 458 4545 Stephano
486 4483 517 4544 p.
540 4461 605 4525 362
631 4459 748 4539 deor'o
775 4481 834 4544 pro
859 4459 978 4540 Kapria:
1011 4459 1063 4524 vel
1091 4457 1175 4546 quod
1198 4461 1338 4542 cognato
1362 4475 1435 4520 cum
