3302 5106
207 319 216 333 ⁰
275 329 340 394 392
695 345 743 390 nu
767 345 801 391 u.
824 344 999 418 vunaours

273 490 440 574 potuerint
462 489 495 552 in
519 487 797 554 Varronianorum
820 487 978 552 varietate
1002 488 1195 571 scriptorum
1220 488 1348 554 habere.
1389 483 1417 554 Ε

274 617 338 680 quo
361 617 477 680 genere
501 595 600 660 etiam
622 593 684 658 hoc
708 597 765 676 est,
789 593 873 678 quod
898 593 936 657 de
957 595 1087 678 vestibus
1104 593 1175 658 Cois
1192 597 1417 676 percommode

274 701 337 766 dici
364 701 399 765 in
426 701 519 766 libris
546 703 582 766 dc
604 701 669 765 olto
685 700 797 784 populi
818 700 956 765 Borcani
978 699 1094 784 potuit.
1121 736 1159 746 —
1186 697 1337 765 Ceterum
1361 725 1416 766 nu-

273 831 435 874 merorum
469 806 669 892 quorundam
703 805 961 871 emendationem
989 809 1100 889 aperte
1128 811 1354 891 corruptorum
1384 807 1416 872 in

274 915 433 980 Plinianis
457 913 652 980 testimoniis
677 913 787 977 sciens·
804 934 889 977 nunc
912 911 1124 996 praetermisi.

363 1022 393 1085 3.
416 1021 638 1085 Plinianorum
657 1017 896 1084 multitudinem
914 1018 1009 1084 facile
1028 1022 1121 1102 putet
1139 1019 1300 1103 quispiam
1320 1021 1417 1087 εδο-

274 1128 345 1192 lini
371 1127 576 1211 polyhistore
608 1126 718 1210 augeri
749 1147 859 1209 posse,
888 1125 922 1188 in
949 1147 1013 1209 quo
1037 1123 1196 1190 Varronis
1220 1129 1416 1192 mentionem

273 1233 325 1298 his
349 1233 428 1298 locis
451 1233 561 1298 habes.
608 1231 684 1316 Cap.
707 1233 745 1296 ll
765 1233 832 1296 fin:
869 1231 935 1296 malt
962 1231 1061 1296 Varro
1084 1231 1213 1297 Icarum
1235 1233 1352 1298 Gretcm
1378 1235 1419 1299 tbi

274 1336 328 1424 (ad
352 1337 479 1403 Icarum
509 1336 662 1424 insulam)
692 1337 859 1420 crurifragio
891 1338 1028 1404 interisse
1056 1344 1085 1404 ct
1111 1341 1147 1404 de
1173 1341 1257 1404 crolle
1284 1339 1418 1406 laminis

275 1446 449 1527 turpasti-um
480 1467 590 1511 nomm
618 1445 695 1522 loca·
720 1481 763 1489 -
787 1465 812 1508 c.
835 1445 876 1508 27
907 1443 989 1509 init:
1020 1451 1127 1512 auctor
1154 1452 1197 1512 est
1226 1447 1325 1512 Varro
1349 1469 1416 1529 per-

273 1553 408 1632 flabilem
432 1553 474 1618 ibi
497 1550 552 1635 (ad
572 1550 703 1616 Africae
727 1546 832 1636 oram)
857 1556 971 1615 terram
993 1554 1089 1619 emtis
1111 1554 1344 1636 peretraablms
1368 1573 1418 1618 sa-

273 1660 337 1723 bito
359 1661 391 1723 oi
409 1657 522 1746 (vulgo
541 1659 675 1724 subibam
694 1655 770 1743 aior)
792 1658 922 1740 spiritus
944 1660 1087 1724 citissime
1110 1665 1165 1725 aut
1187 1681 1335 1726 revomere
1356 1681 1420 1725 ma

272 1769 324 1830 ria
355 1771 411 1830 aut
442 1767 608 1843 r·csorbere;
639 1803 681 1810 -
708 1788 733 1829 c.
757 1765 800 1829 33
828 1765 913 1829 init:
947 1815 1016 1831 ...
1051 1767 1179 1832 mbram
1210 1788 1309 1846 more,
1340 1769 1422 1849 meod

273 1873 484 1956 Erythraeum
511 1874 550 1937 ab
572 1871 715 1955 Erptlrra
742 1893 808 1954 repe
831 1872 936 1937 Persei
963 1878 992 1938 et
1013 1875 1228 1940 Andromedae
1249 1875 1329 1956 filio,
1358 1895 1420 1938 aon

273 1980 372 2044 solrrm
398 2001 419 2041 a
446 1979 543 2044 colore
570 1979 758 2061 appretiatum
788 1979 887 2043 Varro
909 1980 996 2058 (licit,
1023 1982 1078 2062 qai
1100 1982 1242 2064 affirmat
1272 1982 1306 2044 ia
1334 1981 1421 2046 litore

274 2086 373 2148 maris
396 2086 487 2149 istius
507 2085 623 2164 tbatcm
645 2104 714 2166 osse,
737 2105 825 2165 qima
847 2087 875 2150 si
898 2106 964 2150 coca
982 2086 1119 2171 biberint,
1142 2092 1258 2152 ructent
1276 2087 1420 2152 vellerum

274 2192 454 2272 qualitatem
476 2195 504 2256 ct
526 2195 618 2254 arrtaa
640 2191 791 2256 curamue
812 2192 959 2256 araittaut
975 2213 1064 2274 prtem
1081 2193 1244 2258 bobumiat
1263 2195 1421 2274 [amittant

273 2299 354 2380 quod
381 2299 509 2378 fecerint
538 2297 648 2382 vulgo]
683 2319 777 2378 usaria
807 2299 850 2362 ad
876 2296 1022 2363 locustum
1049 2321 1086 2364 ac
1111 2301 1202 2380 furvo
1230 2301 1420 2382 postmodam

274 2406 449 2487 reip-resumet
479 2405 582 2469 colore.
629 2403 676 2466 Ac
709 2403 747 2466 de
783 2403 887 2485 primo
921 2403 1036 2468 horum
1067 2404 1328 2468 testimoniorum
1355 2427 1420 2470 non

274 2511 452 2592 intercedo,
485 2510 523 2573 de
558 2509 660 2573 altero
694 2511 727 2571 et
759 2508 857 2574 tertio
890 2509 983 2574 valde
1016 2531 1134 2593 anceps
1166 2531 1236 2574 esse
1269 2510 1421 2576 iudicium

275 2617 388 2681 sentio.
435 2615 518 2680 Nam
550 2638 631 2699 quae
662 2613 701 2678 de
732 2615 837 2680 ventis
866 2616 1074 2698 maribusque
1105 2638 1179 2682 orae
1203 2616 1333 2681 Africae
1357 2621 1421 2682 tra-

235 2743 261 2784 a
276 2721 408 2805 duntur,
432 2745 470 2786 eu
492 2721 578 2786 haud
602 2721 668 2786 scio
693 2743 733 2785 au
757 2722 793 2785 dc
816 2722 990 2788 litoralibus
1018 2723 1126 2806 potius
1155 2723 1222 2787 sive
1246 2723 1329 2788 libro
1353 2723 1419 2788 sive

274 2829 368 2892 libris
392 2829 551 2894 Varronis
576 2828 690 2893 debere
711 2826 839 2892 Solinus
864 2851 902 2893 eo
927 2829 1129 2912 probabilius
1153 2829 1312 2913 credatur,
1335 2831 1421 2914 quod

274 2955 346 2998 cum
371 2935 491 2998 librum
515 2935 595 2998 alibi
618 2935 687 3017 ipse
714 2935 988 3018 commemoravit,
1011 2957 1036 2999 c.
1064 2937 1117 2999 ll:
1148 2935 1247 2998 Varro
1270 2936 1305 2999 ira
1326 2957 1422 3017 opere,

274 3042 354 3122 quod
377 3041 413 3103 de
437 3038 610 3104 litorulrbas
628 3045 679 3123 cst,
698 3042 791 3105 ctiam
808 3043 875 3106 sam
894 3041 1079 3122 temporilme
1092 3044 1235 3124 affimant
1247 3041 1420 3123 sepulcrum

275 3145 360 3210 Iovis
384 3145 426 3209 ibi
448 3146 614 3210 visitatum.
655 3147 743 3221 Quae
767 3168 823 3210 our
847 3147 878 3210 in
900 3146 1084 3211 litoralibus
1103 3148 1211 3213 locum
1230 3147 1421 3230 invenerint,

275 3250 385 3334 colligi
410 3271 448 3313 ex
471 3250 513 3314 iis
537 3273 619 3334 quae
639 3251 835 3332 praecedunt
853 3255 976 3334 polest:
999 3253 1079 3316 albot
1094 3250 1220 3339 (Creta)
1239 3253 1321 3336 iupis
1337 3273 1421 3317 oron·

275 3360 353 3420 tirou
371 3355 559 3438 Dictprmaei
581 3362 609 3422 ct
626 3355 756 3439 Cadistr,
779 3358 833 3438 pai
856 3357 902 3422 ita
924 3359 1146 3424 excandescant
1167 3364 1202 3422 ut
1224 3360 1343 3424 amiram
1364 3379 1422 3423 na·

274 3465 410 3546 oipoates
437 3463 536 3544 erupis
560 3468 669 3544 putarit
690 3463 807 3528 arabile.
834 3469 959 3546 practer
981 3470 1091 3530 ceteros
1112 3466 1175 3530 Ida
1197 3471 1253 3550 est,
1275 3467 1330 3546 qui
1351 3469 1423 3530 aaa

276 3571 350 3635 solis
372 3574 474 3634 ertum
496 3570 589 3634 solem
610 3571 697 3635 uitet.
749 3569 841 3646 Quod
865 3573 974 3635 autem
998 3572 1099 3637 libros
1122 3573 1158 3637 dc
1181 3573 1363 3652 litoralibus,
1385 3573 1421 3636 de

275 3697 330 3740 ora
353 3677 522 3758 maritimo,
546 3676 582 3740 de
604 3677 770 3742 aestuariis
788 3675 979 3740 Krahnerus
993 3699 1022 3759 p.
1041 3678 1089 3758 18,
1113 3699 1251 3760 quocum
1271 3676 1422 3742 convenit

275 3781 432 3846 Merkelio
446 3782 566 3866 proles,
582 3782 621 3846 ad
637 3781 745 3846 Ovidii
759 3781 832 3846 Ibin
852 3805 882 3865 p.
892 3784 966 3864 361,
990 3781 1127 3846 coniecit
1146 3782 1292 3866 singulas
1312 3787 1420 3866 partes

275 3888 373 3951 fuisse
398 3887 490 3950 unius
515 3889 622 3970 operis
639 3887 847 3970 Varroniani,
870 3888 956 3972 quod
979 3909 1048 3951 esse
1067 3888 1302 3970 Ephcrrrcridcm
1323 3909 1418 3952 aava·

276 3995 334 4058 lma
365 3995 408 4057 ad
436 3993 615 4075 Pompcimn
648 3995 762 4059 voluit:
795 3993 828 4059 id
858 3993 1009 4059 credibile
1037 4017 1102 4060 non
1133 3997 1191 4060 est.
1238 3994 1306 4060 Nee
1334 3995 1420 4059 enim

276 4099 347 4182 illa,
375 4121 456 4182 quae
485 4103 562 4164 aunt
590 4101 628 4164 de
651 4100 709 4165 Ida
734 4100 894 4185 Cretensi,
926 4102 1092 4166 commode
1122 4102 1317 4186 perspicitur
1344 4124 1421 4186 quo-

260 4205 370 4270 'modo
402 4205 442 4270 ad
471 4207 616 4290 Pompeii
648 4207 790 4272 rationes
820 4208 1034 4292 pertinuerint
1061 4209 1094 4273 in
1117 4208 1278 4292 Hispania
1304 4207 1422 4271 milita·

276 4313 353 4376 turi:
382 4317 414 4376 et
443 4314 503 4378 hoc
535 4317 572 4378 ut
595 4314 767 4378 concedam
791 4313 937 4396 potuisse
961 4313 1045 4396 fieri,
1071 4319 1254 4399 repugnant
1277 4313 1439 4400 prosectu⁴

276 4418 328 4484 vel
355 4422 441 4484 certe
470 4441 602 4504 prorsus
628 4419 815 4486 dissuadent
837 4419 894 4482 illa
916 4419 988 4506 ipsa
1012 4418 1115 4486 Solini
1139 4420 1237 4486 verba
1260 4421 1295 4486 ire
1317 4441 1422 4504 opere
