3294 5104
312 383 377 449 356
732 401 779 446 nu
802 401 836 447 u.
859 400 1032 448 vennocus

312 567 337 608 c.
362 544 404 608 23
428 543 489 608 sic:
526 544 716 608 dialecticam
745 549 774 606 ct
803 543 985 607 rhetoricam
1014 541 1113 606 Varro
1136 543 1171 605 in
1193 561 1300 606 nocem
1322 542 1456 623 discipli-

312 672 427 715 narum
456 651 544 716 libris
571 651 629 715 tali
655 651 858 715 similitudine
885 651 1039 731 deti-trivit:
1072 649 1229 713 dialectica
1257 653 1286 711 ct
1307 649 1458 712 rhetorico

312 765 354 824 cst
376 761 457 842 qrrcd
485 760 520 823 in
542 778 639 822 manu
661 758 796 822 bominis
814 777 939 840 pupulis
961 758 1107 821 astrictus
1128 762 1156 819 et
1174 757 1284 837 palma
1307 756 1456 819 clismnsa:

311 867 369 930 illa
391 867 482 930 ccr‘bc
504 863 696 942 contraimus,
724 865 784 928 ista
806 855 987 928 diatonicas.
1032 861 1144 946 Ipsum
1173 865 1280 926 autem
1310 861 1383 925 libri
1412 861 1458 924 in·

312 972 414 1037 dicem
444 994 484 1036 ne
513 971 584 1055 quis
613 969 660 1034 ita
683 971 928 1054 interpretetur,
956 969 1094 1033 utitem
1118 969 1301 1052 septenario
1324 990 1457 1032 numero

313 1079 462 1142 delinitas
486 1077 674 1160 disciplinas
694 1076 873 1141 Varronem
897 1079 991 1160 putet
1013 1097 1129 1140 novem
1152 1075 1245 1139 libris
1271 1075 1457 1159 explicasse,

313 1206 448 1267 quornm
479 1207 543 1248 uno
571 1185 715 1268 potuerit
737 1185 937 1249 carrrmuniter
959 1183 996 1247 dc
1018 1183 1158 1247 amnibus
1181 1182 1278 1264 loqui,
1307 1183 1458 1270 quemad-

313 1290 444 1354 modum
463 1289 540 1355 fecit
558 1291 738 1374 praemisso
759 1289 1006 1374 antiquitatibus
1021 1310 1126 1352 rerum
1142 1289 1358 1354 humanarum
1374 1289 1457 1352 libro

312 1399 396 1460 teste
422 1396 604 1480 Augustino
628 1399 666 1462 de
691 1398 749 1462 civ.
775 1397 825 1461 dci
850 1395 906 1478 Vl,
921 1396 955 1460 3:
980 1395 1092 1459 statim
1117 1395 1295 1458 subicimus
1319 1394 1458 1458 Vitruvii

314 1503 420 1587 verba,
443 1525 460 1567 e
484 1505 600 1588 quibus
625 1504 803 1568 certissime
826 1502 1027 1586 intellegitur
1045 1501 1188 1586 singulas
1208 1501 1344 1586 siugulis
1364 1502 1457 1566 libris

313 1609 504 1693 disciplinas
528 1611 719 1674 distributas
744 1631 823 1690 esse,
846 1609 902 1672 lib.
917 1608 979 1672 Vll
1005 1608 1105 1691 praef.
1131 1609 1184 1671 14:
1207 1609 1356 1688 Fufidius
1377 1610 1459 1672 enim

312 1717 428 1778 inierim
450 1717 486 1780 dc
508 1716 557 1780 leis
579 1717 668 1780 cebris
685 1716 810 1798 prierius
829 1715 964 1778 institnit
981 1716 1065 1777 edere
1082 1714 1239 1777 oolrrmen:
1261 1717 1335 1780 itcm
1352 1717 1459 1779 Teren-

313 1823 374 1886 tins
403 1822 502 1885 Varro
524 1824 565 1886 de
587 1843 709 1886 nortem
732 1821 966 1904 disciplinis,
989 1841 1087 1884 reticem
1110 1822 1147 1884 dc
1169 1819 1388 1887 architectura:
1421 1822 1458 1887 P.

287 1927 481 2008 sSeprtimins
503 1931 571 1992 dno.
612 1927 714 1992 Vtin
738 1928 841 2011 ipsius
863 1927 959 2011 primi
983 1925 1058 1991 libri
1082 1927 1249 2010 prooemio
1273 1931 1459 2013 complexus

314 2056 397 2116 esse,
425 2056 507 2118 quae
536 2035 576 2098 ad
601 2053 702 2116 genus
727 2034 912 2097 universum
938 2037 1131 2115 spectarent,
1155 2033 1310 2100 videatur.
1356 2035 1458 2112 Quale

313 2139 393 2202 illud
422 2142 473 2202 est
500 2139 584 2223 apud
609 2137 841 2202 cassiodorum
869 2161 897 2221 p.
922 2139 986 2202 528
1002 2139 1037 2202 b:
1073 2141 1150 2203 scire
1179 2145 1282 2204 aretem
1309 2142 1456 2218 debemus

313 2248 391 2310 sicut
419 2247 518 2310 Varro
540 2247 627 2325 dicit,
650 2247 795 2310 utilitatis
818 2247 950 2310 alicuius
973 2265 1082 2309 caussa
1105 2247 1245 2310 omnium
1267 2249 1385 2312 artircm
1407 2269 1456 2310 cr·

312 2355 424 2419 stitisse
441 2354 619 2436 minantia:
644 2359 677 2418 et
700 2353 785 2418 haud
810 2353 906 2417 dubie
930 2352 995 2416 alia
1018 2353 1185 2435 complura
1207 2377 1270 2418 uon
1291 2355 1459 2418 nominato

314 2464 445 2525 auctore
469 2461 520 2525 vel
544 2482 564 2523 a
587 2457 781 2524 Cassiodoro
804 2459 855 2522 vel
879 2458 920 2522 ab
942 2456 1067 2522 Isidoro
1092 2461 1188 2541 atque
1213 2460 1310 2524 etiam
1336 2483 1355 2523 a
1377 2459 1461 2523 Mar-

314 2566 407 2631 ciano
428 2565 564 2649 Capella
582 2565 740 2648 exposita,
764 2564 875 2648 qualia
897 2568 1007 2628 tamen
1031 2569 1067 2627 ut
1090 2565 1122 2628 in
1147 2565 1333 2630 coniectura
1352 2567 1461 2650 posita

315 2672 535 2757 inpraesenti
559 2671 852 2756 praetermittimus
877 2670 994 2736 omnia.

854 2869 922 2948 aa.

408 2997 434 3060 1.
471 2993 677 3077 Singulorum
702 2997 810 3058 autem
834 2992 991 3056 librorum
1015 2997 1206 3075 argumenta
1229 2993 1459 3078 indagantibus

314 3105 444 3184 praesto
467 3101 548 3164 haec
571 3105 647 3163 sunt
669 3100 788 3183 partim
813 3103 925 3182 aperta
948 3098 1136 3160 testimonia
1158 3099 1278 3180 partim
1303 3122 1369 3164 nou
1392 3123 1458 3164 am-

315 3207 415 3290 bigua
433 3205 579 3290 vestigia,
601 3226 659 3289 per
677 3205 788 3268 eadem
807 3205 866 3268 illa
885 3191 1090 3287 potissimum
1110 3203 1233 3288 scripta
1252 3205 1337 3270 haud
1357 3227 1457 3289 parvo

316 3333 448 3378 numero
476 3334 598 3396 sparsa.
644 3310 691 3375 Ac
719 3311 758 3374 de
787 3311 955 3374 dialectica
983 3315 1015 3373 et
1045 3309 1208 3375 rhetorica
1231 3313 1296 3376 iarn
1321 3313 1459 3377 vidimus

317 3425 422 3484 antea.
467 3417 512 3498 Et
540 3418 771 3483 dialecticae
799 3417 928 3502 quidem
952 3420 1117 3482 auctorem
1141 3416 1322 3483 Varronem
1346 3423 1459 3502 aperto

317 3529 501 3612 opertorum
527 3525 697 3590 verborum
723 3525 860 3590 artificio
884 3525 985 3589 etiam
1010 3523 1193 3589 Marcianus
1218 3525 1265 3590 IV
1293 3548 1323 3608 p.
1347 3527 1389 3591 96
1413 3527 1460 3592 ed.

318 3630 408 3698 Grot.
431 3630 586 3718 prodidit,
619 3631 708 3695 illam
739 3631 844 3716 ipsam
867 3631 1077 3715 prodeuntem
1100 3629 1222 3694 faciens
1246 3635 1279 3696 et
1302 3632 1348 3696 sic
1371 3655 1459 3698 exor-

318 3741 470 3804 dientem:
495 3738 541 3802 Ni
566 3737 715 3802 Varronis
738 3739 798 3801 rrrei
819 3739 900 3802 inter
922 3737 1061 3800 Latialcs
1080 3736 1199 3817 alarias
1221 3739 1362 3804 celebrati
1383 3739 1462 3804 milri

317 3848 447 3910 munditia
471 3845 684 3924 industriaque
705 3850 880 3926 stimularet,
897 3863 1019 3926 possem
1039 3842 1158 3923 sentina
1173 3841 1307 3910 Doricae
1324 3847 1462 3912 ucticrris

317 3953 403 4035 amad
423 3951 590 4015 Rannrleae
619 3951 699 4013 cocis
728 3952 874 4014 maraine
903 3953 959 4012 aret
987 3949 1154 4014 cclrnodum
1184 3953 1272 4016 iridis
1301 3959 1356 4016 aul
1384 3955 1461 4018 salis

318 4059 451 4124 tartara
479 4057 616 4140 rqnmri.
666 4058 777 4139 qrccppc
800 4062 872 4139 past
898 4057 1040 4123 Platonis
1069 4077 1199 4122 aureum
1228 4057 1343 4138 slrrmcn
1372 4065 1462 4140 atque

318 4164 549 4232 Aristotelicum
569 4161 747 4242 facultatem
770 4164 817 4228 M.
843 4164 978 4230 Terentii
999 4165 1108 4248 prirrm
1130 4166 1234 4246 mein
1258 4163 1389 4229 latinam
1411 4185 1460 4226 uc-

318 4295 380 4338 cern
399 4272 525 4354 pulnait
547 4271 703 4352 industria
725 4291 762 4334 ac
781 4272 875 4352 sandi
891 4272 1125 4354 possibilitatem
1142 4293 1202 4352 per
1223 4269 1341 4334 sbticlas
1362 4269 1461 4333 Acisa-

318 4381 389 4444 nics
414 4379 611 4460 ccrnpmravit.
657 4377 706 4466 Ad
736 4399 809 4441 eum
837 4377 875 4442 dc
904 4377 1071 4443 dialectica
1094 4377 1210 4440 librum
1235 4375 1375 4458 pertinet
1397 4375 1460 4438 lor-

319 4490 406 4550 tasse
430 4483 527 4548 Gellii
558 4485 714 4569 quaedam
746 4485 902 4550 memoria
932 4483 1023 4570 xvi,
1047 4485 1080 4548 8:
1117 4503 1185 4547 cunr
1215 4484 1249 4548 in
1278 4481 1460 4564 disapttmc
