3274 5114
661 400 944 448 couuaursruvs
997 417 1005 430 ·
1314 382 1377 447 251

230 543 377 608 adiutum
411 563 495 608 esse:
531 564 596 608 non
629 543 779 628 profacto
810 547 982 628 propterea
1013 541 1099 627 quod
1130 565 1196 608 non
1227 543 1379 626 aequales

231 651 340 716 aetate
364 649 500 734 fuerint,
531 649 564 714 id
591 651 677 734 quod
704 649 767 716 huc
793 650 878 715 nihil
907 651 1041 717 omnino
1067 649 1222 734 pertinet,
1252 648 1308 714 red
1337 649 1378 714 ad

230 777 329 822 unam
361 756 626 822 consuetudinem
657 757 854 824 amatoriam
885 757 994 823 valere
1024 756 1146 841 potuit:
1178 777 1290 824 verum
1317 755 1379 822 hae

230 885 345 929 caussa
368 862 467 948 quod,
491 867 706 949 quotcumque
730 885 887 930 annorum
909 863 1081 930 Terentius
1103 863 1175 948 fuit,
1199 863 1245 930 eis
1268 867 1379 930 tamen

231 969 347 1053 quibus
375 969 471 1034 huius
498 969 628 1036 fabulae
655 974 748 1036 actae
775 975 852 1036 sunt
878 971 1094 1055 temporibus,
1121 971 1142 1036 i.
1170 991 1196 1034 e.
1224 969 1265 1037 ab
1294 991 1379 1036 enno

230 1075 295 1142 588
315 1075 355 1140 ad
374 1075 449 1160 594,
472 1075 536 1159 ipsi
554 1073 683 1141 Laelius
708 1081 741 1141 et
760 1075 869 1162 Scipio
889 1077 987 1142 nimis
1007 1077 1240 1142 adulescentuli
1259 1076 1380 1142 fuerint

231 1203 328 1266 quam
358 1183 413 1266 qui
442 1182 492 1248 vel
519 1181 619 1246 talem
646 1204 780 1268 operam
807 1183 1010 1268 praestitisse
1033 1184 1085 1248 vel
1109 1183 1285 1270 significati
1308 1205 1379 1250 esse
1454 1179 1460 1186 ’

129 1367 133 1374 ,
230 1288 337 1357 verbis
368 1287 570 1354 Terentianis
603 1289 690 1354 credi
722 1290 858 1374 possint.
912 1289 957 1354 Et
988 1289 1105 1355 horum
1137 1288 1267 1375 quidem
1297 1288 1379 1355 illud

231 1393 348 1460 Santra
376 1395 604 1479 inconsultius,
632 1396 694 1461 hoc
723 1401 832 1462 autem
863 1397 949 1462 idem
975 1417 1042 1463 non
1065 1395 1213 1481 profecto
1237 1397 1306 1462 sine
1328 1419 1379 1462 ra-

230 1503 328 1568 tione.
363 1500 450 1567 Nam
465 1500 573 1587 Scipio
597 1503 625 1568 si
649 1507 699 1568 est
721 1525 806 1569 anno
822 1503 887 1569 569
909 1506 1017 1588 natus,
1040 1525 1160 1569 annum
1179 1503 1377 1570 undevicesi-

231 1631 319 1674 mum
342 1609 462 1694 agebat
485 1631 549 1692 quo
572 1611 718 1692 tempore
741 1610 881 1676 seribere
900 1608 1069 1674 Terentius
1089 1611 1205 1695 coepit,
1228 1610 1377 1694 quintum

231 1719 264 1780 et
285 1713 471 1782 vicesimum
495 1736 558 1800 quo
583 1713 691 1780 desiit:
719 1736 779 1781 nec
802 1715 905 1781 multo
929 1716 1034 1782 maior
1051 1720 1132 1782 natu
1150 1717 1281 1784 Laelius
1300 1715 1382 1802 luit3·
1430 1787 1433 1798 ¹

234 1821 275 1887 ab
298 1821 359 1888 hac
382 1825 492 1887 autem
515 1826 623 1888 aetate
647 1844 719 1888 eum
738 1843 855 1888 caussa
871 1843 938 1888 non
957 1825 1001 1888 sit
1019 1844 1076 1889 cur
1093 1823 1284 1890 facultatem
1303 1842 1377 1908 poe·

232 1928 331 1994 ticam
358 1928 596 2014 abiudicemus,
622 1929 815 2014 praesertim
844 1929 879 1995 in
901 1935 971 1996 tam
993 1931 1075 1996 bene
1097 1925 1273 2016 ingeniatis
1296 1933 1378 1994 tam-

232 2055 293 2118 que
325 2035 504 2102 liberaliter
535 2035 697 2102 institutis
731 2036 1007 2122 adulescentibus,
1038 2041 1149 2102 tamen
1178 2036 1214 2102 in
1244 2036 1378 2102 eandem

233 2161 328 2226 aegre
356 2163 434 2208 sane
461 2142 634 2228 intellegas
662 2143 718 2227 qui
748 2143 808 2208 illa
831 2149 883 2209 sat
906 2144 1073 2220 commode
1097 2143 1291 2210 conveniant
1314 2141 1379 2226 ‘quc'

230 2247 316 2313 uotis
333 2249 491 2315 aairwrcie
509 2249 667 2331 etpoptdo
680 2249 817 2332 placent,
836 2271 969 2332 priorum
987 2271 1081 2334 opera
1099 2251 1134 2316 ia
1148 2251 1232 2330 tello,
1255 2252 1290 2315 in
1308 2251 1378 2334 olio,

234 2355 268 2418 la
281 2355 400 2438 aeyotio
417 2375 473 2420 sao
487 2357 613 2438 qumque
626 2357 936 2438 compeccantem
949 2354 1113 2439 apariat
1137 2355 1293 2422 ‘Placere'
1309 2356 1377 2440 qui·

232 2459 305 2526 dom
334 2461 455 2546 populo
479 2463 629 2528 universo
654 2461 762 2547 Scipio
785 2462 851 2528 iam
873 2462 948 2528 inde
972 2462 1014 2529 ab
1038 2484 1123 2528 anno
1146 2462 1211 2528 586
1235 2462 1299 2528 diei
1321 2484 1378 2547 po-

232 2567 295 2632 tuit
317 2568 505 2652 rectissime,
529 2590 593 2652 quo
615 2567 672 2633 ille
696 2569 814 2634 aetatis
833 2589 955 2634 annum
974 2569 1149 2653 septimum
1168 2572 1201 2634 et
1218 2568 1379 2634 decimum

231 2693 331 2759 agens
362 2696 430 2741 non
462 2674 578 2741 solitae
609 2673 811 2741 fortitudinis
843 2675 980 2744 bellicae
1011 2676 1176 2760 specimen
1205 2677 1240 2741 in
1268 2697 1379 2762 pugna
1392 2697 1433 2739 err

233 2779 388 2864 Pydnaea
414 2779 573 2866 ediderat,
600 2781 712 2865 paucis
739 2782 847 2847 verbis
876 2781 1011 2848 aLivio
1035 2800 1133 2868 new,
1155 2782 1200 2850 44
1222 2804 1379 2848 memora-

233 2889 314 2965 tum,
338 2886 611 2972 splendidioribus
636 2910 656 2952 a
678 2887 854 2954 Plutarcho
879 2889 1075 2973 descriptum
1098 2888 1132 2954 in
1155 2889 1225 2956 vita
1247 2888 1378 2954 Aemilii

231 2992 338 3058 Paulli
361 3015 386 3060 e.
410 2995 467 3080 22,
496 3017 513 3059 e
542 2994 659 3079 quibus
682 2994 762 3060 haec
785 2995 921 3080 adposui
943 2995 1103 3081 imprimis
1126 2994 1190 3061 huc
1212 2995 1378 3061 facientia:

231 3104 305 3166 πᾶει
332 3101 395 3182 γὰρ
422 3101 559 3180 ἀγαετόε
582 3103 623 3183 ἦν
646 3103 740 3170 εὐθὺ(
763 3103 796 3170 ἐξ
820 3102 920 3185 ἀρχῆς
943 3105 1024 3184 πρὸ(
1047 3102 1222 3183 ἡγεμονίαν
1244 3103 1296 3168 καὶ
1319 3125 1378 3169 πο-

233 3208 352 3274 λιτείαν
384 3207 429 3272 ὡ(
459 3207 558 3274 ἄλλο(
585 3208 692 3276 οὐδεὶς
719 3213 786 3276 τῶν
815 3213 980 3288 ευγγενῶν
1007 3211 1199 3290 κεκραμένοι
1225 3211 1264 3274 τὸ
1292 3211 1377 3292 ἦθος.

231 3313 379 3380 Eundem
407 3313 565 3398 largimur
593 3311 737 3399 (quando
765 3315 888 3382 factum
917 3313 1120 3402 ignoramus)
1143 3317 1289 3400 potuisse
1312 3317 1378 3384 iam

232 3425 307 3486 aute
322 3441 441 3485 annum
453 3420 519 3486 594
534 3421 634 3486 semel
649 3422 701 3487 vel
716 3422 834 3487 iterum
848 3422 880 3487 in
895 3421 1060 3508 publicum
1073 3422 1203 3507 prodire
1216 3427 1377 3489 oratorem
1477 3443 1482 3450 ·

232 3527 283 3592 vel
315 3549 449 3593 caussae
481 3529 670 3611 patronum3
707 3528 885 3613 largiamur
916 3529 1055 3594 similem
1088 3529 1249 3594 similibus
1280 3531 1377 3596 rebus

233 3625 374 3718 gratiani
402 3633 486 3698 inire
513 3656 534 3698 a
555 3633 675 3718 populo
700 3634 847 3718 potuisse
872 3637 969 3719 atque
992 3634 1076 3700 ludis
1099 3633 1288 3702 funebribus
1311 3635 1377 3702 illis

233 3761 313 3823 quos
336 3740 423 3823 patri
445 3740 586 3808 Aemilio
610 3740 726 3806 Paullo
749 3739 836 3825 lecit,
858 3739 1042 3807 fabularum
1065 3739 1192 3806 actione
1215 3740 1378 3808 Terentia-

232 3867 347 3912 narum
376 3846 544 3934 inlustres,
575 3848 655 3914 item
684 3847 864 3934 largiamur
892 3845 1084 3914 al'erentio
1112 3868 1177 3912 non
1206 3851 1275 3912 tam
1297 3847 1377 3914 Lae·

232 3953 312 4018 lium
335 3956 369 4018 et
392 3951 586 4039 Scipionem,
610 3976 708 4039 quam
727 3976 828 4020 unum
847 3952 1032 4039 Scipionem
1051 3953 1169 4038 respici
1187 3953 1222 4019 in
1239 3957 1376 4041 prologo

232 4057 419 4144 Adelphon:
446 4082 559 4126 verum
586 4061 667 4126 haec
694 4064 801 4126 tamen
827 4062 938 4127 omnia
958 4083 1027 4128 non
1049 4059 1196 4146 profecto
1220 4062 1299 4126 satis
1322 4084 1376 4126 va-

232 4166 302 4232 lent
326 4165 498 4251 quominus
521 4166 617 4232 nimis
640 4167 810 4253 magnifiee
834 4167 892 4233 illa
916 4167 1002 4234 dieta
1024 4167 1091 4233 sint
1109 4165 1259 4251 ‘quorum
1279 4189 1378 4251 opera

232 4273 266 4338 in
294 4273 397 4358 bello,
426 4273 460 4338 in
489 4273 570 4359 otio,
603 4275 637 4339 in
663 4275 795 4360 negotio
826 4297 893 4340 suo
918 4275 1082 4359 quisque
1105 4277 1276 4357 tempore
1299 4295 1377 4340 usus

232 4377 303 4464 est',
332 4401 414 4465 quae
442 4383 475 4446 et
498 4379 539 4444 ad
562 4379 803 4446 multitudinem
826 4403 983 4446 annorum
1007 4383 1040 4446 et
1062 4379 1103 4445 ad
1126 4377 1377 4464 magistratuum

233 4485 388 4551 virtutem
415 4489 564 4571 spectant
590 4485 774 4554 manifesto.
818 4486 908 4554 Hace
935 4487 1036 4575 igitur
1062 4509 1135 4553 cum
1163 4485 1295 4572 scripsit
1316 4487 1377 4556 Te
