3274 5114
616 413 897 462 conuuurnarvs.
1264 395 1327 460 237

185 583 247 646 quo
278 563 417 643 spectet,
447 579 557 622 rursus
585 557 719 641 planum
746 557 784 620 fit
811 579 828 620 e
856 555 1051 621 didascaliis.
1101 553 1228 640 Quippe
1256 555 1330 619 unis

185 666 369 750 eisdemque
398 663 483 728 ludis
512 661 702 728 funebribus
735 663 868 728 Aemilii
897 662 1018 745 Paulli,
1053 683 1134 746 quos
1167 663 1269 727 fecere
1293 660 1331 738 Q.

185 772 307 838 Fabius
330 771 492 836 Maximus
515 769 550 832 P.
574 766 744 833 Cornelius
768 769 951 850 Africanus,
973 768 1010 832 L.
1033 768 1149 834 Anicio
1170 768 1264 834 Gallo
1287 767 1330 835 M.

186 877 338 944 Cornelio
362 874 509 960 Cethego
533 897 597 940 cos.
620 875 651 940 h.
675 897 701 938 e.
725 896 810 964 anno
834 874 923 940 urbis
941 875 1016 958 594,
1039 879 1072 940 et
1091 874 1234 959 Adelphi
1257 879 1331 940 actu

186 989 236 1049 est
263 1005 345 1069 quae
375 983 513 1068 placuit,
540 987 573 1046 et
599 983 717 1046 iterum
741 982 818 1046 data
840 981 984 1066 Hecyra,
1014 1003 1096 1066 quae
1118 1003 1175 1047 cur
1196 1004 1237 1046 ue
1259 987 1329 1046 tum

186 1091 318 1176 quidem
346 1089 459 1175 peragi
486 1094 599 1172 posset
627 1085 717 1174 (nam
740 1088 894 1154 ‘exclusa'
917 1089 984 1154 iam
1007 1111 1034 1153 a
1058 1089 1123 1154 589
1147 1093 1230 1168 erat,
1257 1109 1331 1154 cum

185 1200 217 1262 in
243 1219 392 1262 scaenam
417 1197 558 1281 primum
581 1195 759 1262 deferretur
778 1195 814 1260 T.
833 1195 957 1261 Manlio
976 1196 1141 1284 Torquato
1160 1194 1218 1261 On.
1237 1196 1332 1261 Octa·

185 1305 238 1369 vio
271 1301 364 1388 cos),
399 1304 469 1388 ipse
509 1307 600 1368 actor
638 1303 817 1386 primarum
854 1303 1003 1388 idemque
1040 1302 1188 1368 dominus
1221 1303 1330 1387 gregis

185 1395 358 1477 Ambivius
376 1411 498 1494 Turpio
518 1409 667 1494 exposuit
685 1410 814 1496 prologi
833 1409 969 1474 alterius
988 1430 1017 1474 ι.
1035 1409 1078 1473 29
1098 1409 1139 1474 ad
1157 1409 1209 1476 33.
1240 1407 1330 1494 Ergo

185 1520 317 1584 brevem
356 1517 633 1582 enumerationem
669 1516 853 1581 tabularum
886 1515 1154 1580 Terentianarum
1186 1515 1330 1580 omnium

186 1624 412 1709 percommode
436 1623 606 1688 Volcatius
629 1623 739 1705 potuit
760 1621 851 1687 uelut
873 1622 934 1686 teli
958 1621 1105 1716 eremplo
1129 1622 1317 1686 terminare:

322 1731 437 1812 Quinto
460 1731 522 1796 loco
544 1734 614 1794 aeta
636 1727 791 1810 Adelphos
807 1728 957 1811 ploaurm
979 1727 1085 1791 itidem
1107 1727 1194 1810 tulit:
1344 1742 1384 1782 ιιι

317 1837 453 1904 Simiae
475 1837 603 1901 Hecura
624 1840 711 1902 aceto
733 1835 885 1900 exclusust
904 1834 1023 1915 fabata.

184 1943 300 2010 Mirari
327 1967 404 2009 sane
427 1945 505 2008 licet
528 1940 700 2007 secundam
723 1941 832 2025 potius
855 1937 1002 2023 Hecyrae
1026 1939 1187 2004 actionem
1211 1963 1230 2005 a
1253 1939 1331 2006 Vol-

185 2051 271 2115 catio
299 2053 513 2115 memoratam
535 2069 633 2133 quam
655 2047 787 2112 tertiam
811 2068 875 2132 qua
897 2047 1018 2131 placita
1041 2051 1092 2110 est
1113 2045 1225 2112 fabula
1247 2051 1331 2112 teste
1364 2087 1368 2094 ·

186 2157 376 2240 didascalia,
399 2177 471 2221 cum
494 2154 578 2219 ludis
601 2152 772 2238 (Romanis
795 2157 832 2218 ut
855 2152 996 2238 ridetur)
1020 2175 1040 2216 a
1063 2151 1099 2228 Q.
1123 2150 1240 2218 Fulvio
1263 2153 1331 2220 No-

186 2263 303 2328 biliore
325 2262 362 2327 L.
385 2261 507 2327 Marcio
532 2257 711 2324 Censorino
739 2259 897 2323 aedilibus
921 2257 1085 2322 curulibus
1109 2255 1205 2322 factis
1228 2259 1333 2324 denuo

185 2370 290 2435 relata
319 2374 371 2434 est
400 2368 512 2434 eodem
542 2389 626 2432 anno
655 2366 729 2432 594.
775 2365 898 2430 Verum
925 2385 991 2428 non
1020 2369 1071 2428 est
1098 2367 1208 2428 tamen
1234 2365 1332 2429 nimis

186 2476 368 2541 mirandum
402 2473 560 2559 quaedam
587 2473 622 2538 in
649 2473 711 2537 hoc
739 2493 857 2557 genere
884 2475 1010 2536 veteres
1038 2469 1113 2534 illos
1142 2471 1332 2557 piuaoogra-

189 2581 270 2664 phos
298 2581 420 2648 saeculi
442 2598 493 2645 vn
515 2580 640 2664 fugisse
668 2577 758 2664 (nam
781 2578 861 2643 illud
885 2577 924 2641 de
947 2581 999 2641 ter
1021 2581 1096 2641 acta
1118 2577 1248 2662 Hecyra
1270 2579 1333 2642 nisi

186 2689 325 2774 fugisset
352 2687 553 2770 Volcatium,
584 2707 651 2751 non
682 2685 827 2769 prolecto
859 2686 906 2750 sic
935 2685 984 2748 uti
1013 2684 1092 2748 fecit
1122 2681 1332 2770 scripsisset):

187 2817 283 2878 quam
311 2793 396 2858 enim
424 2815 484 2858 nec
507 2796 596 2857 certa
617 2813 678 2858 nec
701 2792 764 2856 sibi
788 2795 941 2857 constans
965 2793 1121 2856 memoria
1143 2791 1203 2855 illa
1226 2791 1332 2854 omnis

188 2900 382 2966 didascalica
404 2899 518 2981 firerit,
541 2921 615 2963 cum
638 2899 712 2963 aliis
735 2897 938 2962 documentis
962 2903 1107 2982 apparet,
1130 2901 1200 2961 tum
1223 2918 1262 2960 er
1285 2896 1332 2960 eis

187 3007 394 3092 cognoscitur
417 3026 498 3090 quae
521 3004 560 3069 de
583 3004 756 3068 earundem
775 3003 959 3068 fabularum
978 3002 1113 3068 duarum
1131 3003 1332 3088 temporibus

187 3111 236 3198 (n
259 3113 312 3177 un
335 3116 372 3176 ut
394 3132 479 3176 nunc
503 3108 695 3196 subsistam)
718 3111 752 3174 in
776 3109 961 3175 cranaus
984 3111 1062 3175 uus
1085 3109 1235 3176 nemun
1259 3131 1332 3194 pro·
1369 3091 1371 3096 '
1398 3149 1403 3159 .

187 3220 255 3286 dita
283 3223 368 3284 sunt.
413 3217 530 3282 Levius
559 3217 662 3282 videri
689 3223 800 3302 potest
828 3217 914 3303 quod
941 3219 1002 3302 ibi,
1033 3239 1165 3303 prorsus
1188 3221 1225 3281 ut
1248 3215 1332 3300 apud

186 3326 366 3408 Donatum,
399 3324 529 3388 inverso
562 3324 675 3388 ordina
702 3320 817 3410 quinta
844 3323 956 3390 fabula
978 3323 1109 3410 Hecyra
1135 3327 1334 3405 numeratur,

187 3432 357 3516 Adelphos
386 3434 492 3496 serta:
522 3451 606 3513 quae
629 3431 657 3495 si
682 3432 795 3496 eodem
819 3453 904 3496 anno
927 3431 1112 3516 eisdemque
1135 3429 1220 3494 ludis
1243 3427 1332 3494 lune-

189 3539 302 3603 bribus
326 3535 532 3619 docebantur,
554 3535 693 3601 liberum
713 3559 792 3602 sane
811 3542 882 3602 erat
900 3541 976 3602 utra
994 3537 1084 3622 prior
1101 3539 1335 3618 numeraretur,

188 3648 263 3708 utra
286 3642 455 3726 posterior.
493 3641 697 3728 Quamquam
720 3644 771 3707 vel
795 3643 841 3708 sic
863 3647 975 3707 tamen
993 3665 1103 3708 rursus
1122 3643 1238 3707 mirere
1257 3641 1334 3726 quid

187 3749 231 3814 sit
258 3769 314 3814 cur
341 3749 449 3832 potius
477 3771 543 3838 non
570 3754 704 3834 peracta
732 3749 846 3814 fabula
867 3748 1059 3832 respiciatur
1082 3771 1179 3833 quam
1202 3751 1335 3832 peracta

188 3879 275 3941 quac·
303 3859 430 3921 sextum
462 3855 569 3920 locum
600 3857 754 3922 tuebatur
785 3855 867 3921 citra
898 3855 1163 3920 controversiam.
1213 3854 1334 3920 Verum

188 3962 284 4048 louge
315 3961 446 4047 gravim
475 3962 633 4046 estquod
656 3963 788 4028 omnino
812 3964 1068 4046 aliam,prorsus
1091 3960 1262 4028 rationem'
1276 3985 1334 4028 nu-

187 4068 331 4164 merandi
355 4065 533 4132 Bembinus
557 4067 656 4134 codex
680 4071 840 4154 sequitur,
864 4069 982 4154 quippe
1006 4071 1061 4155 qui
1084 4091 1149 4136 non
1173 4075 1263 4134 aetas
1285 4069 1333 4133 la-

188 4175 282 4239 bulas
305 4179 343 4239 nt
362 4173 543 4258 Volcatius,
567 4174 621 4238 sed
646 4173 773 4242 ‘factas’
797 4181 959 4240 numeret:
983 4175 1087 4260 quode
1109 4174 1259 4259 pluribus
1283 4195 1334 4238 ex·

187 4282 331 4364 positum
355 4283 406 4344 est
423 4279 554 4365 Parerg.
577 4303 607 4364 p.
626 4281 692 4346 263
708 4304 776 4367 sqq.
814 4281 936 4358 Quodsi
958 4281 1147 4364 plerumque
1170 4301 1248 4343 sane
1267 4301 1333 4344 non

187 4387 313 4452 diversa
335 4385 467 4452 fuerunt
488 4386 648 4452 factarum
672 4391 880 4472 notarumque
903 4386 1085 4452 fabularum
1108 4391 1270 4472 tempora,
1299 4393 1334 4452 at

189 4491 365 4577 singularis
397 4493 461 4558 fuit
493 4493 594 4578 ipsius
617 4493 766 4578 Hecyrae
799 4494 958 4558 condicio:
991 4515 1073 4578 quae
1101 4492 1129 4559 si
1157 4493 1222 4558 iam
1247 4517 1333 4560 anno
