3302 5106
673 435 926 484 noorsroarcrs
1306 417 1370 483 417

226 575 290 640 hoc
319 575 445 640 dicetur
472 576 536 641 alio
564 577 651 642 loco:
684 579 718 642 in
751 577 930 662 praemissa
962 581 1072 641 autem
1100 576 1373 640 commentatione

227 705 309 767 quae
339 706 369 766 p.
393 682 435 747 58
451 705 520 767 sqq.
548 684 587 748 de
614 684 811 769 logistoricis
835 682 992 748 Varronis
1021 683 1214 766 disputavit,
1246 683 1286 746 iis
1310 683 1372 747 6161

228 790 307 853 satis
337 790 550 873 probabiliter
580 791 685 875 ipsam
715 792 761 855 rei
792 793 962 856 materiam
993 790 1157 875 congessit
1187 789 1239 872 (ut
1269 811 1373 874 pauca

228 895 295 958 siut
324 917 405 978 quae
434 897 503 962 eius
532 898 735 983 diligentiam
763 897 937 984 fugerint),
968 901 1078 962 tamen
1105 896 1271 981 digerendi
1299 919 1372 961 aare

228 1001 379 1065 iudicium
407 1001 461 1067 hic
487 1026 616 1094 quoque
643 1026 710 1070 non
743 1027 808 1069 uno
837 1005 908 1069 loco
935 1003 1163 1068 desideramus.
1214 1003 1259 1067 nt
1287 1002 1371 1086 quod

228 1128 388 1170 summum
413 1113 492 1192 erat,
515 1113 552 1173 ut
575 1110 874 1195 cognominibus
898 1109 1154 1174 Romanorum
1178 1109 1372 1174 hominum
1426 1101 1430 1108 ¹

227 1212 373 1297 singulos
398 1213 500 1278 libros
528 1215 703 1299 inscriptos
732 1238 802 1280 esse
830 1215 1075 1300 perspiceretur,
1103 1215 1135 1278 id
1163 1215 1217 1278 ille
1245 1237 1371 1299 quoque

226 1339 291 1382 non
314 1321 489 1404 perspexit,
514 1322 570 1386 sed
593 1322 635 1386 ab
649 1321 932 1408 Agamemnonida
946 1321 1059 1387 Oreste
1082 1321 1282 1405 appellatum
1301 1343 1371 1386 esse
1436 1401 1440 1410 Δ

224 1425 262 1488 de
288 1427 416 1490 insama
449 1427 673 1512 logistoricum
705 1431 768 1495 sibi
800 1429 975 1515 persuasit,
1009 1429 1153 1511 Pappum
1181 1433 1290 1492 autem
1317 1433 1373 1492 6111

226 1530 410 1613 Indrpcrmm
433 1530 494 1618 (sic
518 1537 605 1600 enirn
629 1536 835 1601 scribendum
858 1533 968 1621 putat)
992 1535 1032 1599 de
1050 1533 1277 1598 Atellanarum
1301 1555 1370 1616 per-

226 1659 306 1702 sona
328 1638 441 1723 Pappo
469 1641 701 1726 interpretatus
730 1644 864 1708 satiram
889 1663 959 1706 esse
983 1641 1098 1704 statuit
1121 1663 1151 1722 p.
1174 1641 1215 1703 61
1241 1641 1274 1701 et
1301 1638 1371 1702 184.

226 1779 268 1788 -
292 1743 344 1808 Ad
368 1746 506 1812 Atticum
533 1750 569 1813 de
595 1750 733 1814 numeris
761 1746 859 1834 (nihil
888 1749 975 1813 enim
1003 1747 1033 1811 ei
1057 1745 1198 1828 scrupuli
1221 1744 1301 1808 haec
1324 1743 1371 1807 in-

229 1851 363 1935 scriptio
392 1851 518 1939 iniecit)
546 1875 610 1920 non
634 1855 809 1941 Augustini
831 1859 959 1922 tantum
981 1854 1088 1918 locum
1112 1875 1210 1936 supra
1233 1871 1370 1915 comme-

226 1961 387 2022 moratum
420 1961 562 2046 rettulit,
602 1962 657 2026 sed
690 1961 829 2027 alterum
862 1966 1031 2047 praeterea
1062 1958 1221 2044 quendem
1253 1957 1371 2042 Rufini,

226 2083 320 2145 quem
334 2065 412 2129 111116
431 2089 496 2131 nou
516 2068 621 2152 magis
639 2069 800 2152 pertinere
819 2090 904 2132 nunc
922 2067 1178 2132 demonstratum
1193 2069 1243 2130 est
1256 2086 1370 2130 comm.

225 2167 366 2234 deVarr.
376 2170 462 2238 Disc.
475 2174 568 2238 libris
581 2175 660 2258 p.33
674 2175 785 2259 oollp.
794 2177 834 2239 12
848 2178 881 2238 et
888 2175 932 2238 30
947 2176 1060 2256 [supra
1074 2197 1103 2255 p.
1114 2173 1187 2237 381.
1198 2173 1272 2237 362.
1283 2173 1372 2252 3791

225 2273 348 2340 Eadem
372 2279 455 2342 ratio
470 2278 667 2344 Varroniani
691 2280 805 2344 indicis
825 2281 861 2343 de
878 2279 1031 2342 mansoris
1054 2277 1138 2358 apud
1161 2281 1371 2358 personatum

226 2379 388 2446 Boetium:
418 2406 481 2466 quo
504 2407 707 2468 nequaquam
731 2381 956 2465 logistoricum
979 2381 1101 2464 notari,
1128 2385 1166 2444 ut
1189 2381 1238 2445 illi
1265 2383 1370 2446 visum

226 2507 256 2567 p.
266 2487 318 2570 66,
332 2487 453 2551 ibidem
469 2489 635 2552 docuimus
650 2488 839 2572 p.1o[361].
853 2525 888 2534 —
900 2487 930 2552 Α
940 2487 1058 2553 Scauro
1071 2489 1108 2552 de
1120 2489 1370 2572 6666166661-

226 2593 317 2657 m'bus
340 2592 494 2657 discrevit
517 2597 554 2656 ut
576 2594 672 2676 plane
691 2593 835 2658 diversos
855 2593 955 2658 libros
974 2595 1010 2658 dc
1028 2595 1175 2660 1666111616
1192 2597 1370 2680 originibus,

228 2697 308 2760 nihil
339 2702 495 2780 reputans
526 2719 635 2762 eorum
666 2719 748 2782 quae
776 2699 809 2762 in
838 2698 899 2762 hac
927 2721 1041 2764 caussa
1068 2699 1271 2782 respicienda
1301 2724 1370 2766 esse

227 2825 325 2886 supra
344 2803 607 2888 significavimus.
637 2803 832 2889 Corruptam
851 2804 950 2870 Nonii
974 2807 1163 2870 memoriam
1178 2805 1251 2870 Coei
1265 2807 1315 2870 lib.
1329 2809 1374 2871 ΙΙ

226 2911 369 2994 respexit
388 2933 417 2994 p.
429 2911 482 2996 65,
504 2911 696 2976 temerariae
715 2911 927 2976 confidentiae
946 2912 1038 2976 laude
1061 2915 1206 2976 mactans
1226 2911 1369 2978 divinum
1383 2931 1440 2973 ΧΠ

225 3014 381 3104 Scaligeri
405 3018 587 3104 ingenium,
610 3017 644 3082 in
668 3019 870 3102 similemque
894 3019 973 3083 adeo
996 3021 1127 3083 nostrae
1151 3020 1368 3086 coniecturam

224 3123 353 3206 incidit,
385 3124 472 3189 haud
501 3125 612 3208 paullo
640 3129 749 3190 tamen
781 3124 946 3209 operosius
975 3125 1047 3191 Cati
1075 3127 1187 3212 (immo
1216 3123 1306 3212 Cute)
1333 3129 1369 3192 de

223 3233 326 3296 laberis
348 3233 514 3297 6116666616
537 3253 554 3294 6
577 3232 717 3316 proditis
741 3233 859 3298 litteris
884 3233 1039 3316 efficiens,
1070 3233 1166 3297 simul
1190 3237 1298 3298 autem
1322 3235 1366 3298 al-

223 3341 327 3402 teram
351 3339 540 3404 emendandi
563 3339 651 3402 viam
674 3339 834 3424 quandam
858 3339 1097 3422 commendans,
1120 3361 1183 3423 qua
1206 3361 1244 3402 ex
1269 3339 1367 3404 Varro

221 3445 287 3507 6661
315 3444 365 3507 ab.
389 3444 434 3506 ΙΙ
459 3445 528 3508 erui
557 3445 656 3509 Varro
679 3445 857 3510 Promellmo
886 3447 978 3510 labero
1006 3445 1113 3510 iussit:
1146 3467 1164 3509 e
1188 3445 1303 3529 quibus
1327 3467 1367 3509 ne

223 3547 284 3612 hoc
308 3548 436 3632 quidem
460 3550 488 3612 61
513 3550 682 3633 credimus,
704 3572 768 3615 non
787 3551 1001 3615 Prometheum
1024 3551 1194 3629 liberatum,
1218 3551 1273 3614 sed
1297 3551 1366 3615 lebe-

223 3675 294 3718 ram
317 3655 408 3719 illam
431 3655 530 3720 fuisse
554 3656 690 3720 satiram
713 3656 905 3740 inscriptam
929 3655 974 3741 (p.
1001 3658 1064 3721 195
1079 3655 1148 3742 sq.).
1185 3657 1223 3720 In
1248 3678 1285 3720 sa
1301 3657 1364 3722 iras

224 3761 377 3844 quoniam
401 3761 485 3827 forte
510 3785 620 3828 snmus
645 3762 757 3846 delati,
784 3761 866 3826 illud
887 3785 1014 3847 quoque
1037 3762 1147 3826 mirari
1171 3762 1279 3844 liceat,
1307 3785 1366 3827 666

226 3867 383 3947 Κυνίετωρ
419 3891 477 3934 666
516 3868 821 3935 Κυνοδιδαεκαλικόν
858 3869 1034 3933 satirarum
1068 3867 1217 3932 videlicet
1252 3868 1366 3934 titulos

224 3973 395 4057 quicquam
423 3975 637 4040 dubitationis
664 3975 802 4041 Oehlero
830 3974 970 4039 movisse
997 3998 1028 4060 p.
1051 3973 1104 4040 55.
1127 3974 1178 4038 62.
1205 3974 1267 4038 145
1295 3976 1365 4040 6611.

225 4103 256 4164 p.
273 4081 321 4144 12.
358 4079 433 4146 Non
457 4081 563 4144 minus
587 4081 745 4146 mirabilis
768 4087 819 4146 661
842 4103 937 4166 quem
960 4102 990 4163 p.
1009 4080 1052 4146 55
1071 4084 1103 4144 et
1123 4081 1366 4165 1946616111

222 4185 342 4249 satirae
365 4185 503 4251 indicem
526 4187 746 4267 Πλουτόρινο(
770 4188 820 4252 161
844 4188 923 4252 adeo
946 4187 1165 4266 Htooroptvoc
1194 4186 1254 4270 (sic
1278 4190 1363 4253 enim

223 4292 330 4374 priore
354 4293 425 4358 loco
450 4294 605 4379 scriptum
629 4291 758 4378 6116161),
781 4294 903 4358 factum
928 4294 1051 4358 scilicet
1074 4293 1211 4372 abrade:
1235 4295 1285 4358 cui
1304 4317 1363 4360 nos

223 4399 342 4463 satirae
365 4422 485 4464 nomen
501 4401 752 4484 Πλουτοτορύνῃ
778 4400 876 4464 luisse
901 4400 1093 4464 conieeimus
1112 4397 1274 4484 Parergon
1294 4399 1310 4463 I
1332 4424 1363 4484 p.

226 4505 296 4570 178.
317 4505 468 4573 Rectiore
482 4507 566 4571 idem
581 4507 700 4571 iudicio
715 4506 832 4570 statuit
845 4507 884 4571 de
893 4507 1029 4572 Serrano
1042 4529 1071 4590 p.
1082 4505 1177 4589 4666.
1188 4506 1266 4588 203;
1284 4505 1362 4570 item

275 4627 315 4663 16.
331 4629 479 4665 1116666111
495 4631 627 4666 66166111
642 4632 682 4668 111.
1115 4615 1149 4665 11
