3274 5114
267 383 333 449 254
660 403 696 449 na
721 403 831 450 vmau
856 401 1022 448 rsanurn

268 547 369 608 tatem
393 541 609 626 exprimeret'
656 542 846 627 Simplioem-
866 543 961 627 enim,
985 564 1067 628 quae
1090 543 1243 628 vulgatur
1266 544 1335 608 siue
1359 565 1413 608 ne·

268 650 413 734 gatione,
439 651 570 732 perinde
596 649 790 732 particulam
819 649 879 714 etsi
907 649 993 714 ratio
1021 649 1150 734 quidem
1172 671 1238 716 non
1261 649 1416 733 prohibet

267 757 439 840 quominus
469 757 515 822 sie
542 756 756 840 interpretem
780 755 832 822 ‘ut
860 777 914 821 eos
942 777 1076 840 prorsus
1107 754 1147 820 ad
1170 755 1342 820 veritatem
1365 777 1416 820 ex-

267 860 449 946 primeret',
471 865 580 927 tamen
606 861 695 927 aliud
719 863 832 927 suadet
854 871 932 928 usus
956 859 1182 926 Suetonianus.
1208 860 1415 946 ¹Vbicumque
1466 841 1470 854 ⁸

268 967 371 1047 enim',
403 968 455 1032 eni
485 969 562 1053 quid
592 971 810 1053 comparetur,
842 989 908 1033 non
941 967 1150 1052 subsequenti
1179 989 1217 1034 uc
1246 970 1296 1034 vel
1326 976 1416 1052 atque

266 1071 381 1159 (semel
404 1094 499 1156 prtum
521 1074 615 1140 Dum.
641 1070 696 1159 15)
719 1075 879 1160 particula
901 1075 996 1160 plane
1020 1075 1169 1160 edicitur,
1196 1075 1250 1141 hio
1273 1077 1414 1161 scriptor

233 1222 241 1252 ι
261 1182 393 1264 perinde
414 1182 573 1248 vocabulo
597 1183 645 1248 ita
667 1187 795 1247 tantum
818 1183 925 1248 locum
948 1180 1037 1246 dedit
1060 1186 1110 1266 ut,
1132 1203 1195 1268 quo
1218 1182 1301 1247 illud
1325 1205 1413 1269 spec·

270 1293 365 1372 taret,
388 1309 427 1352 ex
450 1289 531 1374 ipsis
555 1290 755 1375 praegressis
779 1290 886 1354 verbis
909 1287 1162 1372 intellegeretur.
1186 1287 1287 1354 Velut
1301 1289 1415 1356 luloo

269 1399 415 1477 actorium
437 1396 649 1462 clementorum
672 1397 815 1480 litteram,
838 1396 873 1460 id
893 1400 937 1460 art
958 1400 1056 1477 Dpro
1071 1401 1107 1472 A,
1130 1399 1159 1459 et
1174 1395 1304 1477 perinde
1328 1395 1372 1476 [h.
1386 1418 1413 1461 e.

271 1500 416 1584 ‘perinde
444 1507 541 1587 atque
569 1521 592 1566 n
622 1523 681 1586 pro
709 1500 757 1584 a']
786 1487 1120 1585 reliqrrcepomrnuten
1159 1501 1210 1566 vel
1234 1499 1345 1568 Olaud.
1372 1503 1414 1567 14

268 1627 323 1672 nec
343 1627 461 1691 seraper
477 1610 671 1693 praeempta
689 1609 789 1693 lepurn
806 1613 923 1674 secatus
940 1608 1091 1672 duritiam
1109 1608 1320 1690 metnensque
1337 1610 1414 1675 mni·

269 1719 386 1794 torum,
416 1735 453 1780 en
479 1735 574 1798 omno
601 1721 630 1780 et
656 1716 731 1781 benc
755 1715 885 1798 perinde
908 1712 1035 1798 [³atque
1059 1735 1097 1778 ex
1120 1713 1222 1778 insto’
1245 1715 1413 1801 intellege]

267 1826 304 1886 nt
325 1820 508 1906 afficeretur,
531 1824 706 1888 rreoderatm
728 1827 779 1887 est.
816 1821 938 1887 Contra
961 1843 1035 1885 cum
1057 1821 1230 1906 negatione
1254 1821 1413 1887 sociatum

262 1929 392 2009 perinde
415 1927 501 1992 idem
525 1928 624 1993 etiam
647 1929 694 1993 sio
718 1928 859 2012 admisit,
883 1933 920 1992 ut
942 1928 989 1992 rei
1013 1931 1220 2011 comparatae
1237 1929 1330 1993 notio
1348 1951 1414 1994 non

269 2034 453 2118 significata
485 2034 593 2098 verbis
626 2039 727 2119 esset,
756 2034 812 2098 sed
840 2035 1039 2099 extrinsecus
1067 2033 1287 2100 adsciscenda:
1321 2035 1414 2100 cuius

266 2140 394 2228 generis
427 2143 479 2205 sat
510 2140 688 2226 singularia
721 2140 869 2224 exempla
900 2144 1039 2204 exstant.
1090 2140 1128 2204 ln
1160 2142 1230 2206 vita
1262 2141 1345 2225 Aug.
1369 2142 1413 2206 80

169 2307 178 2318 ,
265 2247 421 2312 wnerrdioe
448 2247 611 2328 etsernore
632 2253 661 2312 et
682 2267 770 2312 crare
792 2249 918 2313 nnrstro
940 2267 1003 2312 non
1025 2245 1157 2330 perinde
1177 2249 1301 2312 addat
1322 2248 1411 2314 facili

266 2375 343 2418 sane
371 2354 572 2440 cogitatione
606 2353 736 2418 additur
764 2352 876 2438 ‘atque
904 2352 1047 2419 dextro’:
1081 2353 1137 2418 sed
1166 2374 1248 2438 qnae
1274 2353 1345 2418 Tib.
1368 2353 1412 2418 52

266 2460 376 2543 posita
399 2465 475 2525 aunt
497 2461 601 2542 laque
622 2480 661 2524 ne
683 2464 801 2524 mnino
823 2462 946 2543 quadarn
963 2461 1093 2541 perinde
1109 2459 1239 2540 affectus
1256 2465 1308 2545 est,
1330 2461 1409 2526 item

267 2565 361 2630 Galb.
386 2566 427 2630 13
456 2587 552 2649 quare
580 2567 732 2632 aduentus
761 2567 826 2632 eins
855 2587 919 2632 non
941 2568 1073 2650 perinde
1098 2571 1208 2649 pratus
1238 2567 1315 2648 fruit,
1347 2590 1413 2633 non

266 2677 404 2756 possunt
427 2673 525 2738 aliam
548 2675 614 2738 vim
637 2673 756 2738 habere
780 2674 845 2737 nisi
864 2671 1009 2757 ‘perinde
1028 2679 1125 2757 atque
1144 2672 1293 2756 debebat,
1316 2676 1413 2757 atque

266 2785 516 2845 consentaneum
540 2783 618 2864 erat,
642 2784 739 2865 atque
759 2781 941 2863 exspectari
960 2778 1116 2864 poterat'.
1153 2777 1191 2843 In
1216 2780 1413 2865 eandemque

266 2891 392 2970 partem
416 2888 455 2953 de
478 2887 630 2952 Terentio
654 2887 754 2962 ‚verba
776 2886 834 2950 illa
857 2885 1103 2970 interpretanda
1126 2889 1210 2950 sunt.

354 2995 479 3059 ibidem
507 2997 608 3078 apreli
631 2994 825 3077 simpliciter
848 2995 910 3059 etsi
934 2994 1015 3059 satis
1039 2993 1160 3058 usitate
1184 2991 1334 3058 dicuntur
1357 2992 1411 3078 qui

266 3101 317 3165 rel
339 3106 447 3166 castra
472 3101 524 3166 rel
547 3122 662 3166 navem
686 3101 738 3164 vel
761 3105 892 3184 portum
915 3101 1112 3184 relinquunt,
1134 3103 1245 3164 tamen
1265 3099 1412 3165 ‘Itomae’

266 3208 317 3271 vel
354 3205 476 3272 ‘urbis’
512 3209 604 3273 notio
640 3229 706 3273 non
746 3207 852 3292 magis
889 3206 998 3272 omitti
1034 3207 1143 3290 potuit
1179 3227 1276 3290 quam
1307 3207 1411 3271 cuius-

266 3313 349 3378 libet
372 3314 455 3379 alins
478 3315 556 3400 loci,
587 3315 677 3380 cuius
701 3314 830 3399 quidem
853 3335 917 3378 non
941 3317 1028 3378 esset
1050 3313 1084 3378 in
1107 3313 1154 3378 eis
1178 3335 1260 3397 quae
1282 3335 1411 3398 praece-

266 3419 346 3484 dunt
378 3422 499 3486 mentio
530 3421 620 3487 facta
651 3427 688 3486 ut
715 3419 786 3486 Tib.
809 3421 861 3486 21.
894 3417 962 3485 Gal.
986 3421 1044 3503 58,
1076 3420 1164 3485 alibi.
1210 3419 1304 3496 Quod
1337 3441 1410 3484 oum

266 3526 438 3593 sanissimo
470 3526 589 3593 iudicio
624 3526 782 3612 Stephani
819 3527 965 3612 quisquis
997 3527 1062 3592 fuit
1094 3527 1216 3592 amiens
1249 3525 1411 3610 sensisset,

266 3637 376 3697 tamen
403 3633 633 3718 interpositum
661 3636 702 3699 ab
731 3635 788 3699 illo
819 3634 925 3700 arbem
951 3633 1145 3699 vocabulum
1167 3631 1287 3697 rectius
1311 3633 1409 3697 etiam

266 3741 300 3804 in
319 3740 499 3806 ablativum
518 3739 663 3807 Muretus
682 3741 831 3824 mutavit,
854 3739 887 3804 id
910 3739 995 3824 quod
1017 3759 1083 3802 non
1102 3735 1249 3804 Suetonii
1272 3743 1410 3822 tantum,

266 3846 322 3912 sed
345 3847 524 3913 communis
547 3847 698 3932 loquendi
722 3845 921 3912 consuetudo
945 3844 1061 3928 exigit,
1092 3845 1156 3908 nisi
1179 3845 1235 3909 ubi
1258 3845 1338 3910 fines
1361 3846 1409 3908 rei

265 3953 438 4018 cuiuslibet
464 3953 598 4017 transiri
626 3953 785 4018 dicuntur.
830 3949 879 4015 De
908 3972 970 4034 quo
995 3949 1151 4030 breviter,
1183 3951 1239 4016 sed
1262 3949 1410 4034 adposite

212 4079 251 4120 arr
266 4059 306 4124 ad
334 4081 403 4124 rem
426 4057 672 4142 Oudendorpius
700 4058 769 4144 egit
795 4057 831 4121 in
857 4057 914 4120 vit.
937 4055 1022 4142 Aug.
1049 4078 1119 4142 cap.
1142 4057 1199 4142 91,
1231 4057 1408 4122 simillimis

264 4166 419 4250 exemplis
442 4187 518 4231 usna
542 4163 612 4230 Tib.
635 4165 679 4228 40
701 4164 774 4230 narde
795 4163 960 4247 ardere,
993 4163 1077 4250 Aug.
1101 4163 1144 4230 53
1167 4165 1241 4230 arros
1262 4165 1410 4252 cprpn'ritrnc

204 4265 207 4272 ’
263 4294 410 4357 prnsus:
426 4293 489 4356 quo
504 4271 584 4336 adde
595 4269 712 4337 vinll
726 4270 799 4335 serbe
808 4270 965 4354 Italiaque
977 4272 1187 4338 matlunmb'ei
1196 4269 1407 4358 excederent.*)
1481 4331 1486 4336 .

265 4383 274 4388 ”
334 4412 359 4480 *)
379 4413 500 4479 Reliqua
519 4411 567 4480 qui
586 4425 752 4480 cognoscere
772 4407 876 4480 cupiet,
894 4409 964 4466 haec
978 4411 1092 4479 habeto,
1111 4409 1135 4464 si
1148 4409 1221 4464 forte
1236 4427 1292 4465 ncn
1306 4409 1408 4476 omnia,

262 4501 293 4555 at
312 4499 452 4570 pleraque.
490 4501 581 4568 rpredr'
601 4498 778 4554 tabernaculo
796 4501 868 4570 Aug.
887 4505 935 4568 91,
963 4500 1042 4555 domo
1060 4498 1122 4554 Tib.
1142 4503 1189 4566 50,
1218 4499 1289 4554 nella
1307 4498 1344 4552 ib.
1364 4503 1408 4568 ot,
