3258 5102
281 375 347 440 600
481 385 764 436 EMENDATIONVM
788 381 1089 431 CATVLLIANARVM
1112 378 1225 428 naua.

280 555 350 600 esse
378 534 412 598 in
441 531 587 597 ordinem
615 529 751 615 cogendi
778 517 904 592 librarii
932 525 1130 590 viderentur:
1160 522 1254 587 Rura
1280 521 1353 585 colit
1376 555 1435 602 —-,

281 641 355 706 Non
374 639 515 724 phaebum
532 673 586 719 -,
609 635 762 718 Squalidu
786 669 837 716 —-,
861 633 935 698 Non
956 632 1085 697 termites
1105 665 1156 714 —,
1178 629 1254 694 Nori
1273 627 1347 708 salv
1369 649 1431 689 -ε

280 748 315 812 in
343 769 444 811 uuum
476 743 605 829 quidem
638 741 803 808 cumulata
835 739 991 806 arationis
1023 735 1261 824 significatione
1296 733 1433 817 triplici,

281 855 338 920 sed
360 858 398 920 ut
420 875 478 919 uec
506 849 723 936 frigidissima
745 846 941 924 ταυτολογία
969 846 1127 910 vitaretur
1150 846 1183 906 ct
1211 839 1263 906 bis
1290 840 1431 905 iteratae

280 963 314 1026 iu
339 960 485 1026 versibus
512 956 675 1023 continuis
699 956 774 1020 Non
801 952 979 1038 particulae
1008 952 1161 1016 venustas
1189 947 1318 1032 periret
1358 944 1431 1010 Nec

281 1067 428 1152 profecto
451 1065 525 1148 plus
547 1064 604 1129 ille
627 1063 833 1147 profecisset,
855 1061 883 1124 si
907 1081 979 1125 eum
1003 1057 1149 1124 ordinem
1168 1053 1430 1121 commendasset

281 1195 377 1258 quem
400 1172 430 1237 ei
457 1193 572 1255 parum
599 1169 663 1236 fide
690 1169 808 1253 dignus
836 1167 930 1232 testis
958 1165 1045 1230 idem
1072 1165 1128 1228 illc
1152 1158 1430 1228 Mitscberliclrius

280 1277 409 1344 tribuit:
442 1278 515 1342 Noa
541 1277 669 1341 humilis
695 1313 749 1354 —‚
777 1275 852 1340 Non
876 1273 948 1354 falx
972 1309 1028 1351 —·,
1057 1271 1150 1336 Rura
1176 1267 1248 1334 colit
1271 1301 1329 1351 -,
1355 1265 1431 1332 Nou

280 1385 421 1468 plectam
445 1423 501 1463 -‚
528 1384 681 1466 Squalida
705 1420 756 1447 -.
793 1380 916 1446 Nostro
945 1379 1065 1445 iudicio
1089 1379 1146 1442 aut
1174 1374 1295 1440 fallunt
1318 1373 1429 1438 omnia

282 1495 340 1556 aut
362 1491 424 1557 hcc
448 1513 517 1557 sese
540 1491 652 1556 ordine
676 1511 787 1556 versus
810 1510 885 1553 suos
909 1487 1054 1572 excipere
1077 1489 1176 1570 poeta
1198 1480 1326 1546 voluit:

371 1597 461 1663 Rura
483 1598 562 1663 colit
584 1619 694 1662 nemo:
718 1595 913 1660 mollescunt
936 1593 1021 1660 colla
1044 1589 1197 1657 iuuencis.

372 1703 447 1770 Non
469 1703 602 1768 humilis
627 1703 734 1768 curuis
757 1705 916 1787 purgatur
939 1701 1035 1766 uinea
1057 1697 1187 1780 rastris3

371 1809 447 1876 Non
470 1810 538 1875 falx
561 1813 711 1874 attenuat
733 1808 960 1874 frondatorum
983 1806 1109 1872 arboris
1133 1803 1296 1888 umbram,
1393 1875 1399 1882 ‚

371 1915 446 1982 Non
471 1915 621 2000 glaebam
644 1936 747 1998 prono
772 1913 926 1979 conuellit
949 1933 1079 1979 uomere
1103 1915 1230 1976 taurus:

373 2019 529 2106 Squalidc
552 2020 689 2086 desertis
712 2020 828 2104 rubigo
852 2020 990 2086 infertur
1014 2019 1140 2084 aratris.

284 2144 455 2211 Generalis
479 2146 530 2208 est
552 2143 638 2208 enim
661 2165 758 2228 quam
780 2143 886 2227 primo
911 2165 1006 2208 versu
1028 2141 1198 2227 praemisit
1219 2142 1432 2208 seutentiam:

285 2251 361 2317 ‘nec
392 2251 540 2317 homines
573 2254 749 2335 operantur
780 2271 838 2314 uec
870 2249 1020 2315 bestiae'.
1063 2249 1167 2326 Quam
1199 2249 1247 2314 sic
1278 2247 1432 2334 deinceps

284 2357 489 2443 persequitur
516 2357 725 2442 singillatim,
754 2360 793 2421 ut
820 2357 923 2422 altero
951 2378 1046 2422 versu
1074 2359 1108 2420 et
1135 2355 1247 2440 tertio,
1280 2377 1363 2439 quae
1389 2355 1433 2420 ad

285 2464 372 2530 solos
391 2463 539 2528 homines
559 2463 734 2547 pertinent,
753 2467 992 2547 commemoret,
1015 2462 1182 2527 vinearum
1200 2461 1432 2546 hortorumque
1451 2469 1454 2479 '

285 2571 458 2636 culturam:
491 2573 622 2654 quarto,
654 2569 739 2653 quod
771 2569 812 2635 ad
841 2574 1010 2655 utrosque,
1042 2570 1231 2634 arationem.
1268 2567 1329 2634 Oui
1357 2591 1432 2634 cum

284 2678 434 2764 quintum
463 2675 594 2757 subicit,
627 2679 660 2739 et
687 2676 764 2760 quid
792 2675 1026 2741 consectarium
1055 2675 1099 2740 sit
1126 2696 1165 2740 ex
1193 2698 1232 2739 ea
1262 2675 1433 2741 vacatione

285 2783 378 2848 dicit:
411 2783 448 2846 ut
480 2781 664 2866 rubiginem
695 2779 799 2867 (iuxta
831 2803 904 2846 cum
932 2783 1047 2846 rastris
1075 2785 1109 2846 et
1136 2779 1289 2869 falcibus)
1321 2785 1434 2848 aratra

285 2889 432 2955 trabant:
461 2892 494 2952 et
521 2887 554 2952 id
582 2888 630 2952 ita
657 2887 736 2953 dicit
758 2891 795 2954 ut
817 2909 890 2953 cum
914 2892 983 2954 arte
1011 2888 1187 2954 transitum
1215 2888 1256 2954 ad
1283 2889 1434 2973 proxima

199 3061 201 3066 ,
287 2999 435 3081 quaerat,

378 3101 485 3186 Ipsius
509 3105 545 3165 at
567 3101 673 3186 sedes,
697 3124 898 3188 quacumque
922 3103 1077 3187 opulenta
1098 3103 1234 3169 recessit

362 3196 494 3293 Regia,
517 3209 659 3295 fulgenti
682 3210 852 3294 splendent
875 3233 953 3276 auro
977 3215 1074 3298 atque
1097 3214 1242 3297 argento.

287 3315 372 3382 Huic
396 3317 480 3380 enim
504 3315 668 3398 splendori
687 3317 896 3383 manifestum
915 3321 965 3383 est
983 3319 1050 3383 situ
1073 3317 1290 3403 squalentium
1313 3318 1433 3383 iustru-

289 3427 471 3490 mentorum
495 3422 605 3488 sordes
634 3422 743 3488 dedita
766 3445 866 3509 opera
889 3425 1019 3510 opponi.
1042 3461 1086 3473 -
1114 3423 1201 3490 Satis
1227 3429 1434 3490 autemeam

289 3553 385 3616 quem
422 3529 642 3595 revocavimus
684 3531 829 3596 ordinem
867 3531 1033 3619 Vergilius
1073 3535 1196 3616 tuetur,
1236 3533 1288 3597 cui
1331 3531 1433 3598 videri

289 3635 493 3703 Catullianos
517 3657 628 3701 versus
653 3637 843 3704 obversatus
868 3659 938 3703 esse
961 3638 995 3704 iu
1013 3637 1139 3724 Ecloga
1157 3639 1205 3704 IV
1223 3661 1253 3704 v.
1267 3639 1311 3704 40
1334 3637 1433 3703 inter·

289 3733 398 3830 pretes
423 3743 672 3810 admonuerunt:

378 3852 453 3918 Nou
478 3855 600 3917 rastros
623 3853 766 3936 patietur
788 3855 919 3938 humus,
942 3877 1008 3920 uon
1031 3855 1129 3920 uinea
1151 3855 1280 3938 falcem3

379 3959 545 4025 Robustus
569 3981 695 4043 quoque
718 3961 783 4025 iam
806 3963 910 4026 tauris
933 3962 1011 4047 iuga
1034 3962 1140 4028 soluet
1163 3965 1286 4028 arator:

290 4067 347 4132 ubi
370 4066 448 4132 item
471 4089 491 4131 a
513 4067 627 4132 rastris
651 4071 684 4132 et
706 4066 842 4134 falcibus
865 4068 1012 4154 pergitur
1033 4069 1161 4134 demum
1186 4069 1226 4134 ad
1249 4071 1367 4134 aratra.

381 4373 428 4453 [E
442 4373 639 4454 praesalione
660 4373 808 4438 Decudis:
840 4372 890 4438 ‘P.
912 4371 944 4438 V
968 4397 996 4440 v.
1018 4373 1059 4440 15
1082 4372 1126 4460 (p.
1145 4373 1210 4439 595
1233 4395 1263 4438 v.
1282 4371 1339 4459 25)
1363 4373 1433 4438 siue

291 4479 354 4544 loci
389 4479 509 4546 indicio
542 4483 795 4546 commemorata
831 4479 997 4548 Ciceronis
1033 4482 1131 4548 verba
1162 4479 1313 4547 Halmius
1350 4481 1434 4550 mihi
