3288 5100
543 407 620 455 srva
645 403 891 455 nuanonnnvu
915 403 1015 450 umor.
1287 379 1351 444 543

212 549 285 634 ini
314 550 424 614 laudes
452 550 630 634 praecedit,
659 549 706 614 ita
734 547 817 632 apud
846 545 1026 611 Varronem
1054 541 1093 606 dc
1120 541 1141 605 l.
1167 539 1202 604 L.
1225 540 1265 623 V,
1292 541 1353 604 150

211 679 285 722 cum
309 655 421 721 Curtio
449 655 494 720 M.
516 655 667 739 Genucii,
698 659 733 719 ut
761 655 794 718 iu
822 653 992 718 consulatu
1020 649 1230 732 collegarum,
1258 669 1353 730 copu-

211 765 297 828 latur
320 759 483 828 memoria.

302 870 341 934 111
383 869 612 954 componendis
654 867 908 932 hebdomadibus
949 864 1130 928 Varronem
1171 866 1353 944 temporum

213 979 373 1042 rationem
406 997 471 1039 non
500 975 680 1059 neglexisse
708 973 905 1037 Ritschelius
933 971 1065 1036 medicis
1093 974 1216 1052 septem
1244 990 1261 1032 e
1291 967 1353 1032 Pli-

152 1137 155 1144 .
212 1085 265 1148 nio
302 1079 479 1167 propositis
516 1082 615 1145 verbo
648 1081 810 1144 monuisse
843 1079 976 1162 sategit,
1008 1099 1110 1161 neque
1142 1074 1289 1158 profecto
1322 1073 1354 1136 id

211 1192 357 1276 longiore
382 1188 656 1254 demonstratione
680 1191 768 1272 eget,
798 1207 897 1269 quum
921 1187 954 1248 et
976 1205 1033 1267 per
1056 1204 1091 1247 se
1119 1183 1163 1248 sit
1186 1180 1354 1265 probabile

213 1305 245 1362 et
269 1299 335 1363 alia
364 1317 489 1382 quoque
514 1296 583 1358 eius
608 1293 729 1360 ordinis
757 1294 950 1357 documenta
973 1293 1154 1374 suppetant.
1195 1289 1244 1353 Eo
1268 1289 1354 1354 euim

212 1406 354 1490 pertinet
382 1425 477 1488 quam
508 1423 604 1484 super
631 1405 738 1464 aetate
766 1397 899 1463 Homeri
928 1400 1025 1480 atque
1052 1395 1187 1460 Hesiodi
1217 1417 1255 1459 ex
1282 1395 1354 1478 ipso

212 1511 359 1576 Varrone
387 1509 472 1574 haud
502 1508 597 1572 dubie
621 1507 740 1591 repetit
762 1505 886 1570 Gellius
914 1503 1106 1587 disputatio;
1135 1504 1247 1566 eodem
1270 1503 1354 1587 quod

213 1617 419 1700 antiquorum
439 1619 471 1678 et
490 1614 703 1678 recentiorum
724 1613 954 1676 statuariorum
978 1610 1194 1674 hebdomades
1217 1611 1355 1691 diremit,

214 1722 299 1807 quod
328 1722 407 1785 duas
430 1719 542 1784 itidem
572 1719 733 1802 pictorum
760 1717 952 1781 discrevisse
981 1717 1114 1781 videtur.
1155 1714 1268 1800 Neque
1292 1715 1354 1779 Pli-

212 1830 284 1894 nius
312 1831 440 1892 tantum
469 1826 503 1888 in
530 1825 663 1888 medicis
692 1823 878 1887 ordinandis
906 1821 1053 1888 Dioclem
1077 1821 1262 1907 Carystium
1292 1821 1356 1886 ‘se-

213 1936 350 2000 cundum
379 1937 484 1998 aetate
512 1931 678 2016 famaque’
709 1931 856 1994 extitisse
885 1931 1012 2014 scribit,
1041 1930 1095 1994 sed
1120 1929 1356 2006 Quinctilianus

213 2045 245 2107 in
269 2041 407 2126 singulis
431 2041 499 2104 fere
523 2040 718 2122 scriptorum
743 2037 914 2122 generibus
934 2037 1137 2102 recensendis
1160 2037 1238 2102 data
1259 2059 1357 2121 opera

213 2151 269 2235 qui
307 2149 481 2214 secundum
518 2145 653 2231 gradum
690 2144 832 2208 tenuerit
869 2145 1029 2228 expressis
1071 2146 1179 2210 verbis
1222 2147 1357 2209 annotat

212 2259 232 2337 ξ
257 2257 308 2322 53.
331 2257 382 2321 58.
408 2256 458 2319 72.
483 2254 534 2318 86.

301 2361 405 2425 Multo
429 2360 525 2442 plura
543 2361 640 2441 atque
659 2357 758 2420 etiam
781 2357 833 2420 his
853 2357 1025 2420 incertiora
1043 2356 1221 2420 adiicienda
1240 2361 1357 2440 essent,

214 2469 241 2532 si
277 2469 397 2532 iustam
434 2465 471 2528 de
509 2462 722 2527 Varronianis
760 2462 1014 2526 hebdomadibus
1052 2464 1356 2528 commentationem

213 2573 305 2637 edere
337 2594 423 2636 nunc
456 2573 593 2636 vacaret.
637 2567 853 2643 Quamobrem
886 2590 949 2632 una
986 2569 1211 2634 observatione
1249 2571 1358 2635 addita

213 2703 272 2744 nos
301 2678 552 2759 continebimus,
580 2697 674 2758 qnam
702 2696 805 2757 neque
833 2673 1030 2740 Ritschelius
1059 2699 1190 2759 prorsus
1218 2681 1397 2760 praeter-rc

214 2786 313 2850 misit.
355 2784 485 2866 Optime
514 2781 599 2845 enim
627 2780 681 2843 ille
710 2803 773 2864 quo
797 2779 1012 2845 Menecratem
1041 2781 1127 2846 inter
1154 2783 1358 2866 architectos,

214 2893 436 2978 Pythagoram
469 2890 554 2953 inter
587 2886 762 2951 statuarios
795 2887 873 2951 licet
903 2909 968 2952 non
1001 2910 1101 2974 aeque
1135 2892 1232 2973 atque
1260 2889 1357 2953 ceteri

212 2999 355 3064 illustres
383 3000 531 3080 receptos
560 2995 747 3078 explicaret,
779 2995 905 3058 monuit
936 2993 1017 3059 ‘non
1048 2995 1184 3060 liberam
1215 2994 1355 3061 Varroni

214 3108 379 3191 optionem
399 3103 508 3184 fuisse,
530 3100 585 3165 sed
605 3100 830 3164 necessitatem
849 3100 958 3184 potius
978 3123 1088 3165 eorum
1107 3103 1358 3188 deligendorum,

213 3236 350 3299 quorum
375 3208 521 3275 alicunde
545 3209 665 3292 petitas
688 3208 847 3292 imagines
870 3207 905 3273 in
927 3213 1081 3293 promptu
1104 3207 1265 3274 haberet'.
1298 3208 1357 3274 Oui

214 3321 332 3386 iudicio
356 3318 403 3382 ita
427 3315 670 3398 subscribimus,
694 3316 730 3378 ut
751 3318 861 3379 tamen
882 3315 931 3378 rel
954 3320 1088 3400 propter
1110 3317 1200 3381 illam
1220 3317 1356 3382 necessi-

214 3431 327 3490 tatem.
347 3446 413 3488 non
452 3425 573 3486 temere
611 3422 719 3505 aliquo
757 3419 932 3504 imaginem
969 3423 1144 3506 arripuisse
1177 3423 1357 3487 Varronem

214 3535 378 3614 putemus,
415 3529 471 3592 sed
504 3528 538 3590 111
573 3526 635 3592 hac
673 3548 799 3609 quoquc
831 3547 865 3589 re
897 3527 1063 3594 doctrinae
1096 3534 1193 3615 atque
1226 3530 1356 3593 circum·

215 3637 391 3721 spectionis
425 3632 536 3697 laudes
565 3633 764 3696 aemulatum
793 3653 871 3696 esse.
912 3633 964 3698 Ita
993 3636 1077 3700 enim
1105 3642 1141 3700 ut
1174 3639 1357 3700 statuamus

215 3743 360 3808 efficiunt
390 3761 471 3826 quae
499 3738 637 3804 Ioannes
665 3737 775 3822 Lydus
807 3738 845 3802 de
873 3739 1017 3824 magistr.
1041 3739 1057 3804 I
1061 3792 1070 3824 ,
1097 3743 1136 3805 12
1167 3741 1206 3805 de
1230 3742 1357 3805 Aeneae

214 3847 355 3932 imagine
383 3847 484 3912 tradit
506 3845 646 3929 repetita
672 3845 728 3908 illa
751 3865 789 3908 ex
817 3831 950 3929 antiquo
979 3869 1074 3931 opero
1102 3847 1203 3912 fontis
1227 3846 1358 3911 Albani.

214 3953 348 4036 Eodem,
371 3953 399 4016 si
417 3955 562 4016 nostram
581 3951 800 4018 coniecturam
821 3952 950 4037 probas,
973 3951 1045 4038 Gipi
1068 3955 1177 4038 imago
1201 3955 1240 4018 de
1263 3959 1358 4037 porte

215 4059 475 4125 Raudusculana·
485 4062 593 4122 sumta
612 4058 761 4141 pertinet.
802 4058 1013 4125 Pertinebunt
1032 4083 1069 4124 eo
1090 4082 1201 4125 omnes
1224 4060 1357 4125 illinon

215 4165 329 4230 traditi
343 4166 462 4247 vultus,
481 4185 617 4248 quorum
631 4163 755 4228 Plinius
774 4165 923 4230 meminit
941 4167 1039 4250 paulo
1055 4172 1130 4231 ante
1149 4189 1222 4231 eum
1242 4167 1357 4246 locum,

215 4295 278 4357 quo
302 4270 540 4337 hebdomadum
565 4268 723 4334 Varronis
747 4272 904 4335 memoria
927 4273 1123 4356 continetur,
1146 4273 1229 4338 unde
1253 4275 1357 4338 exorsi

214 4400 335 4444 sumus.
359 4377 421 4455 Qui
443 4399 541 4462 quum
562 4376 609 4440 ita
627 4376 749 4440 scribat
767 4376 788 4440 l.
802 4375 924 4442 XXXV
944 4379 1000 4458 §9
1022 4378 1116 4464 ‘quin
1137 4379 1236 4444 immo
1259 4381 1357 4446 etiam

215 4507 297 4569 quac
319 4507 386 4550 non
413 4487 488 4550 sunt
515 4483 694 4568 linguntur,
725 4483 917 4568 pariuntqm
945 4484 1104 4550 desideria
1126 4508 1193 4552 non
1220 4487 1357 4553 traditos
