3228 5098
428 395 723 460 nuncupaturus
749 409 1071 458 111011111111111.
1276 387 1320 453 95

170 551 328 636 quando?
351 557 418 618 tam
443 554 570 638 amplae
593 576 667 638 spes
686 553 767 618 mihi
786 553 930 637 perbelle
948 552 1133 636 placebant,
1155 551 1320 632 satrapam

171 681 233 724 me
262 682 328 725 esse
355 660 513 744 putabam
541 661 683 746 aliquem
710 664 744 726 et
771 660 861 726 aurei
888 663 1015 726 montes
1039 657 1148 724 animo
1172 655 1320 739 concepti

172 767 248 830 iam
273 790 322 832 me
348 767 581 852 propemodum
609 769 749 835 ferocem
776 767 988 834 reddiderant
1036 763 1100 832 Sed
1127 762 1162 848 (o
1185 762 1320 828 fallaces

173 873 344 940 hominum
375 876 478 961 apest)
511 899 583 942 eam
616 878 750 943 cristam
778 876 860 942 mihi
887 875 1047 960 depressit
1073 872 1169 938 unius
1202 869 1319 954 capitis

175 983 304 1047 iactura
330 985 363 1046 et
391 987 441 1047 est
469 983 550 1050 haec
576 983 726 1050 fortunae
754 1006 819 1049 non
849 983 1021 1049 mediocris
1044 980 1177 1048 inuidia
1223 976 1321 1054 Quid

175 1089 228 1152 de
246 1087 380 1154 Catulo
399 1089 494 1154 mihi
517 1091 746 1174 sperandum
770 1091 836 1174 sit,
858 1113 899 1155 ne
918 1095 951 1156 te
969 1090 1081 1154 multis
1100 1109 1218 1171 morer,
1236 1085 1321 1169 audi,

177 1217 241 1279 per
260 1195 365 1262 Musas
389 1200 423 1260 et
446 1197 570 1282 gratias
598 1201 631 1262 te
655 1219 722 1262 oro.
766 1196 873 1262 Erant
904 1195 1126 1262 sacerdotia
1157 1193 1219 1258 illi
1251 1192 1319 1256 mi-

178 1305 336 1369 nuscula
369 1305 455 1388 duo,
488 1305 540 1389 egi
575 1326 647 1370 cum
681 1327 718 1370 eo
751 1325 809 1388 per
840 1304 966 1388 literas,
998 1307 1155 1389 quantum
1187 1300 1220 1366 id
1250 1299 1320 1364 fieri

180 1412 294 1494 potuit,
314 1412 514 1496 diligentius,
537 1412 684 1478 lecerunt
705 1413 777 1496 hoc,
800 1433 851 1476 me
874 1412 974 1476 etiam
992 1410 1164 1492 nesciente,
1188 1406 1320 1473 amiculi

182 1519 369 1604 cumplures,
392 1522 430 1583 ut
453 1519 575 1584 aetati
598 1541 702 1585 meae
725 1519 915 1603 paulatim
934 1519 1007 1582 iam
1026 1514 1321 1602 ingrauescenti

183 1625 371 1710 consuleret,
394 1629 471 1709 post
492 1629 544 1690 tot
567 1626 750 1692 exantlatos
773 1625 916 1708 labores,
944 1628 1020 1709 post
1042 1628 1111 1690 tam
1134 1622 1320 1707 diligentem

185 1731 242 1795 sibi
272 1732 470 1817 plerisque
503 1734 617 1798 aunis
648 1736 802 1798 nauatam
831 1753 963 1816 operam
991 1753 1051 1815 par
1079 1751 1161 1808 ease,
1190 1732 1228 1792 ut
1254 1729 1320 1793 iam

185 1837 290 1903 missio
313 1838 395 1903 mihi
424 1839 631 1924 concedatur,
664 1862 728 1924 quo
760 1840 872 1904 liceret
905 1861 971 1923 per
1003 1839 1123 1903 otium
1156 1835 1320 1922 posthac

184 1943 322 2010 studiis
349 1945 436 2011 frui.
481 1945 663 2031 Respondit
690 1948 793 2012 illico:
823 1969 858 2011 se
886 1946 1005 2011 habere
1029 1946 1109 2028 iam,
1136 1945 1254 2030 quibus
1277 1943 1321 2008 sit

183 2071 219 2115 10
245 2051 474 2118 beneficiorum
502 2073 619 2137 genere
647 2054 899 2138 gratificaturus.
950 2052 976 2118 Ο
1010 2056 1141 2138 gratum
1169 2050 1320 2134 discipuli

183 2163 300 2242 pectus!
334 2183 353 2224 o
377 2159 526 2244 dubiem,
553 2161 620 2226 imo
643 2160 768 2226 nullam
791 2160 901 2244 potius
925 2160 1011 2224 inter
1033 2159 1187 2225 mortales
1210 2158 1320 2222 fidem!

181 2265 226 2332 ita
247 2266 365 2332 adsunt
391 2266 490 2331 isthic
513 2267 675 2350 uultures,
706 2267 762 2352 qui
790 2265 901 2332 multis
932 2266 1031 2332 etiam
1055 2269 1130 2332 ante
1153 2265 1319 2331 mensibus

181 2373 314 2440 cadauer
341 2374 474 2458 aliquod
501 2373 646 2440 futurum
673 2375 906 2460 praesentiant.
959 2373 1094 2440 Vtinam
1123 2374 1185 2439 hoc
1214 2373 1320 2438 alieno

182 2501 216 2543 ac
237 2502 303 2546 non
325 2481 391 2546 mei
414 2481 516 2565 ipsius
539 2482 688 2565 exemplo
711 2481 899 2568 diligentius
922 2480 1182 2576 praeuidissem.»

264 2693 311 2760 Zu
335 2695 457 2760 diesem
479 2695 588 2760 Briefe
616 2697 690 2781 gibt
711 2695 909 2762 Heumann's
934 2694 1190 2762 ‘Commentatio
1213 2697 1321 2780 isago-

180 2801 390 2887 giea'p107
416 2801 658 2868 nachstehende
676 2801 910 2888 urleucerung:
935 2802 1132 2888 ‘Episcopus
1147 2803 1320 2892 Bamberg.

179 2909 266 2975 euius
299 2910 404 2974 fatum
437 2909 528 2994 luget
555 2909 680 2976 Verler.
713 2913 783 2975 erat
816 2909 934 2995 Georg.
961 2909 1132 2995 Pincerna,
1163 2908 1248 2974 Baro
1282 2910 1320 2974 de
1337 2929 1374 2968 111

177 3013 346 3102 Limpurg,
381 3015 411 3079 d.
435 3016 487 3080 31.
510 3013 590 3081 Maii
617 3017 702 3082 1522
731 3039 748 3082 e
775 3018 844 3082 vita
872 3017 1045 3101 digressus.
1091 3015 1189 3082 Soror
1216 3017 1320 3102 ipsius

176 3120 372 3188 Elisabetha
402 3128 506 3206 nupta
537 3124 677 3207 primum
708 3119 872 3189 Ludouico
906 3121 996 3192 Com.
1029 3125 1070 3188 ab
1106 3121 1321 3209 Helfenstein,

176 3229 289 3296 deinde
313 3227 437 3313 Georg,
460 3229 550 3295 Oom.
575 3232 616 3296 ab
640 3229 861 3296 Helfenstein'
886 3225 956 3317 (so).
980 3267 1021 3277 -
1045 3229 1208 3295 Hiemach
1232 3253 1320 3294 muss

171 3335 364 3418 jedermann
393 3336 534 3422 glauben
562 3335 641 3422 (und
671 3335 752 3402 Will
781 3337 913 3421 glaubte
941 3333 1117 3422 desselbe),
1150 3336 1203 3402 eiu
1230 3334 1320 3402 Sohn

176 3441 231 3507 111
261 3443 452 3526 Elisabeth,
482 3467 541 3509 aus
570 3447 673 3510 erster
700 3445 778 3510 oder
806 3467 864 3510 aus
892 3443 1022 3509 nweiter
1049 3442 1135 3528 Ehe,
1167 3444 1236 3509 also
1269 3445 1321 3508 ein

173 3549 291 3635 junger
305 3548 390 3614 Graf
409 3571 474 3615 von
487 3549 702 3634 Helfeuetein‚
726 3551 773 3616 sei
797 3573 830 3616 11
854 3571 1013 3635 gewesen,
1037 3549 1109 3615 dem
1132 3550 1320 3616 Elisabeths

177 3655 315 3740 Bruder,
343 3656 400 3720 der
423 3655 561 3723 Bischof
581 3680 645 3723 von
669 3657 846 3743 Bamberg,
874 3679 995 3722 unsern
1018 3655 1096 3721 Veit
1118 3657 1247 3722 Werler
1270 3658 1319 3722 111

177 3761 408 3838 Studienleiter
425 3764 490 3828 und
509 3763 764 3849 Reiseb'egleiter
784 3764 980 3830 auserseben
997 3763 1090 3830 habe.
1123 3763 1197 3828 Und
1215 3763 1319 3830 dieses

176 3893 228 3936 um
253 3893 292 3948 so,
315 3870 419 3948 mehr,
452 3871 500 3934 als
524 3870 561 3954 ja
583 3871 711 3936 Werler
738 3869 842 3935 selbst
869 3871 980 3936 seineu
1004 3867 1143 3956 Zbgling
1167 3868 1242 3936 Oarl
1271 3871 1320 3937 als

176 3977 270 4042 einen
294 3975 350 4041 ‘ex
374 3999 483 4043 sorore
505 3977 623 4062 nepos'
647 3978 702 4044 des
725 3977 877 4044 Bischofs
905 3979 1100 4046 bezeichnet.
1146 3978 1221 4046 Und
1245 3979 1320 4046 den-

174 4084 259 4149 noch
287 4085 333 4150 ist
360 4084 417 4150 das
447 4086 527 4150 alles
555 4084 780 4171 gmudfalseh,
813 4087 872 4151 wie
901 4087 985 4152 mich
1016 4087 1086 4152 eine
1110 4107 1250 4172 genaue,
1282 4111 1318 4155 so

175 4190 345 4256 mubsame
379 4191 438 4256 wie
471 4191 698 4258 zeitraubende
725 4191 979 4279 Untersuchung
1011 4193 1138 4279 gelehrt
1164 4193 1236 4278 hat,
1269 4194 1321 4259 fur

175 4297 297 4363 welche
335 4297 422 4362 mich
459 4299 580 4364 meinos
617 4299 788 4392 verehrten
823 4299 1000 4383 Freundes,
1042 4298 1121 4363 Geh.
1157 4297 1320 4366 Hofraths

178 4401 377 4489 Gersdorf,
401 4405 718 4472 dankenswertheste
732 4405 1017 4490 Bereitwilliglreit
1031 4403 1131 4470 durch
1147 4405 1198 4469 die
1212 4405 1320 4474 Nach-

176 4512 322 4596 weisung
345 4511 491 4598 einiger,
522 4513 584 4578 mir
616 4514 719 4578 selbst
751 4513 843 4578 nieht
875 4513 1053 4600 geliiufiger
1084 4512 1320 4580 litterarischer
