<?xml version="1.0" encoding="UTF-8"?>
<!DOCTYPE html PUBLIC "-//W3C//DTD XHTML 1.0 Transitional//EN"
    "http://www.w3.org/TR/xhtml1/DTD/xhtml1-transitional.dtd">
<html xmlns="http://www.w3.org/1999/xhtml" xml:lang="en" lang="en">
 <head>
  <title>
</title>
<meta http-equiv="Content-Type" content="text/html;charset=utf-8" />
  <meta name='ocr-system' content='tesseract 3.04.00' />
  <meta name='ocr-capabilities' content='ocr_page ocr_carea ocr_par ocr_line ocrx_word'/>
</head>
<body>
  <div class='ocr_page' id='page_1' title='image "./fridericiritsch09wachgoog_0263.png"; bbox 0 0 3274 5114; ppageno 0'>
   <div class='ocr_carea' id='block_1_1' title="bbox 312 380 1064 448">
    <p class='ocr_par' dir='ltr' id='par_1_1' title="bbox 312 380 1064 448">
     <span class='ocr_line' id='line_1_1' title="bbox 312 380 1064 448; baseline 0.004 -4"><span class='ocrx_word' id='word_1_1' title='bbox 312 380 377 444; x_wconf 85' lang='lat'>238</span> <span class='ocrx_word' id='word_1_2' title='bbox 702 400 739 446; x_wconf 84' lang='lat' dir='ltr'>1u</span> <span class='ocrx_word' id='word_1_3' title='bbox 763 400 873 447; x_wconf 74' lang='lat' dir='ltr'>mnan</span> <span class='ocrx_word' id='word_1_4' title='bbox 896 401 1064 448; x_wconf 74' lang='lat' dir='ltr'>naasson</span> 
     </span>
    </p>
   </div>
   <div class='ocr_carea' id='block_1_2' title="bbox 224 539 1501 3826">
    <p class='ocr_par' dir='ltr' id='par_1_2' title="bbox 224 539 1501 3826">
     <span class='ocr_line' id='line_1_2' title="bbox 311 539 1457 635; baseline 0.007 -32"><span class='ocrx_word' id='word_1_5' title='bbox 311 539 375 604; x_wconf 87' lang='grc'>589</span> <span class='ocrx_word' id='word_1_6' title='bbox 400 544 474 605; x_wconf 85' lang='lat' dir='ltr'>acta</span> <span class='ocrx_word' id='word_1_7' title='bbox 497 543 547 635; x_wconf 80' lang='lat' dir='ltr'>est</span> <span class='ocrx_word' id='word_1_8' title='bbox 570 540 621 605; x_wconf 82' lang='lat' dir='ltr'>vel</span> <span class='ocrx_word' id='word_1_9' title='bbox 645 541 762 606; x_wconf 86' lang='lat' dir='ltr'>saltem</span> <span class='ocrx_word' id='word_1_10' title='bbox 785 541 839 626; x_wconf 85' lang='lat' dir='ltr'>agi</span> <span class='ocrx_word' id='word_1_11' title='bbox 863 545 988 627; x_wconf 88' lang='lat' dir='ltr'>coepta,</span> <span class='ocrx_word' id='word_1_12' title='bbox 1010 543 1157 627; x_wconf 87' lang='lat' dir='ltr'>profecto</span> <span class='ocrx_word' id='word_1_13' title='bbox 1179 566 1245 609; x_wconf 91' lang='lat' dir='ltr'>non</span> <span class='ocrx_word' id='word_1_14' title='bbox 1268 549 1319 609; x_wconf 89' lang='lat' dir='ltr'>est</span> <span class='ocrx_word' id='word_1_15' title='bbox 1341 546 1457 630; x_wconf 88' lang='lat' dir='ltr'>quinta</span> 
     </span>
     <span class='ocr_line' id='line_1_3' title="bbox 311 635 1501 736; baseline 0.006 -26"><span class='ocrx_word' id='word_1_16' title='bbox 311 668 331 710; x_wconf 87' lang='lat' dir='ltr'>a</span> <span class='ocrx_word' id='word_1_17' title='bbox 357 651 455 729; x_wconf 89' lang='lat' dir='ltr'>poeta</span> <span class='ocrx_word' id='word_1_18' title='bbox 482 646 584 729; x_wconf 85' lang='lat' dir='ltr'>facta,</span> <span class='ocrx_word' id='word_1_19' title='bbox 612 647 667 711; x_wconf 91' lang='lat' dir='ltr'>sed</span> <span class='ocrx_word' id='word_1_20' title='bbox 696 648 844 713; x_wconf 89' lang='lat' dir='ltr'>secunda.</span> <span class='ocrx_word' id='word_1_21' title='bbox 889 646 1151 714; x_wconf 77' lang='lat' dir='ltr'>Consentaneum</span> <span class='ocrx_word' id='word_1_22' title='bbox 1179 635 1236 714; x_wconf 88' lang='lat' dir='ltr'>est</span> <span class='ocrx_word' id='word_1_23' title='bbox 1251 651 1352 736; x_wconf 90' lang='lat' dir='ltr'>igitur</span> <span class='ocrx_word' id='word_1_24' title='bbox 1374 653 1456 717; x_wconf 87' lang='lat' dir='ltr'>nihil</span> <span class='ocrx_word' id='word_1_25' title='bbox 1499 687 1501 700; x_wconf 83' lang='lat'><em>=</em></span> 
     </span>
     <span class='ocr_line' id='line_1_4' title="bbox 311 751 1456 842; baseline 0.005 -26"><span class='ocrx_word' id='word_1_26' title='bbox 311 751 349 817; x_wconf 89' lang='lat' dir='ltr'>dc</span> <span class='ocrx_word' id='word_1_27' title='bbox 378 753 505 818; x_wconf 81' lang='lat' dir='ltr'>actione</span> <span class='ocrx_word' id='word_1_28' title='bbox 532 753 590 818; x_wconf 84' lang='lat' dir='ltr'>illa</span> <span class='ocrx_word' id='word_1_29' title='bbox 616 753 722 837; x_wconf 87' lang='lat' dir='ltr'>prima</span> <span class='ocrx_word' id='word_1_30' title='bbox 745 755 775 818; x_wconf 88' lang='lat' dir='ltr'>ei</span> <span class='ocrx_word' id='word_1_31' title='bbox 798 755 943 840; x_wconf 90' lang='lat' dir='ltr'>quisquis</span> <span class='ocrx_word' id='word_1_32' title='bbox 967 755 1030 820; x_wconf 89' lang='lat' dir='ltr'>fuit</span> <span class='ocrx_word' id='word_1_33' title='bbox 1052 756 1248 840; x_wconf 76' lang='lat' dir='ltr'>innotuisse,</span> <span class='ocrx_word' id='word_1_34' title='bbox 1278 759 1332 842; x_wconf 92' lang='lat' dir='ltr'>qui</span> <span class='ocrx_word' id='word_1_35' title='bbox 1355 758 1456 824; x_wconf 86' lang='lat' dir='ltr'>facta-</span> 
     </span>
     <span class='ocr_line' id='line_1_5' title="bbox 310 860 1455 948; baseline 0.005 -24"><span class='ocrx_word' id='word_1_36' title='bbox 310 881 381 924; x_wconf 88' lang='lat' dir='ltr'>rum</span> <span class='ocrx_word' id='word_1_37' title='bbox 405 861 550 924; x_wconf 86' lang='lat' dir='ltr'>ordinem</span> <span class='ocrx_word' id='word_1_38' title='bbox 573 861 607 926; x_wconf 87' lang='lat' dir='ltr'>iu</span> <span class='ocrx_word' id='word_1_39' title='bbox 631 860 790 926; x_wconf 90' lang='lat' dir='ltr'>Bembino</span> <span class='ocrx_word' id='word_1_40' title='bbox 813 861 977 945; x_wconf 89' lang='lat' dir='ltr'>proditum</span> <span class='ocrx_word' id='word_1_41' title='bbox 1001 863 1153 927; x_wconf 89' lang='lat' dir='ltr'>instituit.</span> <span class='ocrx_word' id='word_1_42' title='bbox 1191 862 1357 948; x_wconf 81' lang='lat' dir='ltr'>Similique</span> <span class='ocrx_word' id='word_1_43' title='bbox 1381 887 1455 930; x_wconf 92' lang='lat' dir='ltr'>con·</span> 
     </span>
     <span class='ocr_line' id='line_1_6' title="bbox 224 967 1363 1055; baseline 0.004 -23"><span class='ocrx_word' id='word_1_44' title='bbox 224 1013 229 1022; x_wconf 82' lang='lat'><strong>·</strong></span> <span class='ocrx_word' id='word_1_45' title='bbox 310 967 435 1032; x_wconf 89' lang='lat' dir='ltr'>dicione</span> <span class='ocrx_word' id='word_1_46' title='bbox 458 967 626 1032; x_wconf 87' lang='lat' dir='ltr'>Volcatius</span> <span class='ocrx_word' id='word_1_47' title='bbox 650 991 726 1033; x_wconf 88' lang='lat' dir='ltr'>usus</span> <span class='ocrx_word' id='word_1_48' title='bbox 750 973 784 1033; x_wconf 90' lang='lat' dir='ltr'>et</span> <span class='ocrx_word' id='word_1_49' title='bbox 805 969 945 1051; x_wconf 88' lang='lat' dir='ltr'>primam</span> <span class='ocrx_word' id='word_1_50' title='bbox 968 972 1001 1032; x_wconf 88' lang='lat' dir='ltr'>et</span> <span class='ocrx_word' id='word_1_51' title='bbox 1023 969 1156 1034; x_wconf 85' lang='lat' dir='ltr'>tertiam</span> <span class='ocrx_word' id='word_1_52' title='bbox 1179 969 1363 1055; x_wconf 87' lang='lat' dir='ltr'>ignorabat.</span> 
     </span>
     <span class='ocr_line' id='line_1_7' title="bbox 399 1073 1455 1158; baseline 0.005 -20"><span class='ocrx_word' id='word_1_53' title='bbox 399 1073 503 1150; x_wconf 80' lang='lat' dir='ltr'>Quam</span> <span class='ocrx_word' id='word_1_54' title='bbox 532 1079 639 1139; x_wconf 85' lang='lat' dir='ltr'>autem</span> <span class='ocrx_word' id='word_1_55' title='bbox 671 1076 828 1140; x_wconf 89' lang='lat' dir='ltr'>concinna</span> <span class='ocrx_word' id='word_1_56' title='bbox 850 1075 1010 1140; x_wconf 86' lang='lat' dir='ltr'>brevitate</span> <span class='ocrx_word' id='word_1_57' title='bbox 1033 1076 1067 1138; x_wconf 93' lang='lat' dir='ltr'>in</span> <span class='ocrx_word' id='word_1_58' title='bbox 1089 1075 1173 1140; x_wconf 89' lang='lat' dir='ltr'>libro</span> <span class='ocrx_word' id='word_1_59' title='bbox 1197 1075 1245 1140; x_wconf 76' lang='lat' dir='ltr'>‘de</span> <span class='ocrx_word' id='word_1_60' title='bbox 1262 1077 1371 1158; x_wconf 82' lang='lat' dir='ltr'>poetis&#39;</span> <span class='ocrx_word' id='word_1_61' title='bbox 1395 1100 1455 1144; x_wconf 88' lang='lat' dir='ltr'>suo</span> 
     </span>
     <span class='ocr_line' id='line_1_8' title="bbox 310 1179 1455 1276; baseline 0.003 -32"><span class='ocrx_word' id='word_1_62' title='bbox 310 1179 384 1265; x_wconf 90' lang='lat' dir='ltr'>(nec</span> <span class='ocrx_word' id='word_1_63' title='bbox 408 1181 493 1246; x_wconf 89' lang='lat' dir='ltr'>enim</span> <span class='ocrx_word' id='word_1_64' title='bbox 517 1181 555 1246; x_wconf 88' lang='lat' dir='ltr'>de</span> <span class='ocrx_word' id='word_1_65' title='bbox 577 1181 644 1276; x_wconf 69' lang='lat' dir='ltr'>plio</span> <span class='ocrx_word' id='word_1_66' title='bbox 668 1181 891 1267; x_wconf 87' lang='lat' dir='ltr'>cogitandum)</span> <span class='ocrx_word' id='word_1_67' title='bbox 910 1182 1080 1247; x_wconf 77' lang='lat' dir='ltr'>Volcatius</span> <span class='ocrx_word' id='word_1_68' title='bbox 1100 1181 1264 1267; x_wconf 77' lang='lat' dir='ltr'>Sedigitas</span> <span class='ocrx_word' id='word_1_69' title='bbox 1285 1185 1455 1248; x_wconf 86' lang='lat' dir='ltr'>materiam</span> 
     </span>
     <span class='ocr_line' id='line_1_9' title="bbox 310 1287 1454 1373; baseline 0.003 -22"><span class='ocrx_word' id='word_1_70' title='bbox 310 1287 402 1352; x_wconf 87' lang='lat' dir='ltr'>illam</span> <span class='ocrx_word' id='word_1_71' title='bbox 429 1309 570 1371; x_wconf 88' lang='lat' dir='ltr'>omnem,</span> <span class='ocrx_word' id='word_1_72' title='bbox 598 1309 679 1371; x_wconf 90' lang='lat' dir='ltr'>quac</span> <span class='ocrx_word' id='word_1_73' title='bbox 708 1288 748 1351; x_wconf 84' lang='lat' dir='ltr'>ad</span> <span class='ocrx_word' id='word_1_74' title='bbox 771 1292 942 1371; x_wconf 86' lang='lat' dir='ltr'>poetarum</span> <span class='ocrx_word' id='word_1_75' title='bbox 965 1292 998 1352; x_wconf 90' lang='lat' dir='ltr'>et</span> <span class='ocrx_word' id='word_1_76' title='bbox 1021 1289 1104 1353; x_wconf 86' lang='lat' dir='ltr'>vitas</span> <span class='ocrx_word' id='word_1_77' title='bbox 1128 1293 1162 1353; x_wconf 90' lang='lat' dir='ltr'>ct</span> <span class='ocrx_word' id='word_1_78' title='bbox 1185 1289 1307 1373; x_wconf 85' lang='lat' dir='ltr'>scripta</span> <span class='ocrx_word' id='word_1_79' title='bbox 1329 1295 1454 1373; x_wconf 84' lang='lat' dir='ltr'>epecta-</span> 
     </span>
     <span class='ocr_line' id='line_1_10' title="bbox 312 1393 1453 1479; baseline 0.004 -22"><span class='ocrx_word' id='word_1_80' title='bbox 312 1396 375 1476; x_wconf 90' lang='lat' dir='ltr'>bat,</span> <span class='ocrx_word' id='word_1_81' title='bbox 399 1395 583 1477; x_wconf 87' lang='lat' dir='ltr'>complexus</span> <span class='ocrx_word' id='word_1_82' title='bbox 607 1393 659 1476; x_wconf 91' lang='lat' dir='ltr'>sit,</span> <span class='ocrx_word' id='word_1_83' title='bbox 682 1416 755 1458; x_wconf 90' lang='lat' dir='ltr'>oum</span> <span class='ocrx_word' id='word_1_84' title='bbox 778 1394 850 1478; x_wconf 88' lang='lat' dir='ltr'>ipsa</span> <span class='ocrx_word' id='word_1_85' title='bbox 873 1395 912 1458; x_wconf 89' lang='lat' dir='ltr'>dc</span> <span class='ocrx_word' id='word_1_86' title='bbox 931 1394 1060 1479; x_wconf 81' lang='lat' dir='ltr'><strong>Hecyra</strong></span> <span class='ocrx_word' id='word_1_87' title='bbox 1082 1395 1240 1460; x_wconf 86' lang='lat' dir='ltr'>memoria</span> <span class='ocrx_word' id='word_1_88' title='bbox 1257 1396 1316 1460; x_wconf 91' lang='lat' dir='ltr'>illa</span> <span class='ocrx_word' id='word_1_89' title='bbox 1334 1395 1453 1462; x_wconf 88' lang='lat' dir='ltr'>indicio</span> 
     </span>
     <span class='ocr_line' id='line_1_11' title="bbox 310 1500 1453 1586; baseline 0.001 -21"><span class='ocrx_word' id='word_1_90' title='bbox 310 1506 372 1584; x_wconf 90' lang='lat' dir='ltr'>cst,</span> <span class='ocrx_word' id='word_1_91' title='bbox 404 1506 474 1565; x_wconf 90' lang='lat' dir='ltr'>tum</span> <span class='ocrx_word' id='word_1_92' title='bbox 502 1501 531 1564; x_wconf 91' lang='lat' dir='ltr'>ei</span> <span class='ocrx_word' id='word_1_93' title='bbox 560 1501 615 1584; x_wconf 91' lang='lat' dir='ltr'>qui</span> <span class='ocrx_word' id='word_1_94' title='bbox 638 1501 677 1566; x_wconf 88' lang='lat' dir='ltr'>de</span> <span class='ocrx_word' id='word_1_95' title='bbox 707 1505 811 1565; x_wconf 86' lang='lat' dir='ltr'>morte</span> <span class='ocrx_word' id='word_1_96' title='bbox 834 1500 978 1566; x_wconf 75' lang='lat' dir='ltr'>Terentii</span> <span class='ocrx_word' id='word_1_97' title='bbox 1007 1505 1074 1566; x_wconf 89' lang='lat' dir='ltr'>tres</span> <span class='ocrx_word' id='word_1_98' title='bbox 1103 1503 1220 1566; x_wconf 87' lang='lat' dir='ltr'>senarii</span> <span class='ocrx_word' id='word_1_99' title='bbox 1249 1502 1334 1568; x_wconf 89' lang='lat' dir='ltr'>infra</span> <span class='ocrx_word' id='word_1_100' title='bbox 1356 1504 1453 1586; x_wconf 91' lang='lat' dir='ltr'>positi</span> 
     </span>
     <span class='ocr_line' id='line_1_12' title="bbox 310 1595 1455 1694; baseline 0.001 -22"><span class='ocrx_word' id='word_1_101' title='bbox 310 1613 386 1673; x_wconf 90' lang='lat' dir='ltr'>sunt</span> <span class='ocrx_word' id='word_1_102' title='bbox 409 1631 429 1672; x_wconf 93' lang='lat' dir='ltr'>a</span> <span class='ocrx_word' id='word_1_103' title='bbox 452 1607 617 1690; x_wconf 83' lang='lat' dir='ltr'>Suetonio,</span> <span class='ocrx_word' id='word_1_104' title='bbox 641 1613 711 1673; x_wconf 94' lang='lat' dir='ltr'>tum</span> <span class='ocrx_word' id='word_1_105' title='bbox 734 1609 831 1694; x_wconf 85' lang='lat' dir='ltr'>longe</span> <span class='ocrx_word' id='word_1_106' title='bbox 855 1595 1113 1672; x_wconf 81' lang='lat' dir='ltr'>luculentissimo</span> <span class='ocrx_word' id='word_1_107' title='bbox 1137 1609 1328 1674; x_wconf 88' lang='lat' dir='ltr'>documento</span> <span class='ocrx_word' id='word_1_108' title='bbox 1351 1610 1455 1674; x_wconf 89' lang='lat' dir='ltr'>trede-</span> 
     </span>
     <span class='ocr_line' id='line_1_13' title="bbox 309 1697 1454 1798; baseline 0 -18"><span class='ocrx_word' id='word_1_109' title='bbox 309 1716 371 1780; x_wconf 77' lang='lat' dir='ltr'>am</span> <span class='ocrx_word' id='word_1_110' title='bbox 401 1715 519 1780; x_wconf 73' lang='lat' dir='ltr'>senarii</span> <span class='ocrx_word' id='word_1_111' title='bbox 547 1715 598 1778; x_wconf 79' lang='lat' dir='ltr'>aa</span> <span class='ocrx_word' id='word_1_112' title='bbox 625 1697 755 1780; x_wconf 56' lang='lat' dir='ltr'>elstane</span> <span class='ocrx_word' id='word_1_113' title='bbox 785 1739 805 1779; x_wconf 73' lang='lat' dir='ltr'>a</span> <span class='ocrx_word' id='word_1_114' title='bbox 828 1713 934 1780; x_wconf 72' lang='lat' dir='ltr'>aena</span> <span class='ocrx_word' id='word_1_115' title='bbox 957 1715 1076 1798; x_wconf 74' lang='lat' dir='ltr'>prono</span> <span class='ocrx_word' id='word_1_116' title='bbox 1100 1716 1207 1798; x_wconf 78' lang='lat' dir='ltr'>capite</span> <span class='ocrx_word' id='word_1_117' title='bbox 1230 1717 1273 1780; x_wconf 81' lang='lat'>24</span> <span class='ocrx_word' id='word_1_118' title='bbox 1297 1715 1372 1780; x_wconf 74' lang='lat' dir='ltr'>usn</span> <span class='ocrx_word' id='word_1_119' title='bbox 1398 1735 1454 1798; x_wconf 83' lang='lat' dir='ltr'>xv,</span> 
     </span>
     <span class='ocr_line' id='line_1_14' title="bbox 308 1820 1454 1907; baseline 0.003 -22"><span class='ocrx_word' id='word_1_120' title='bbox 308 1822 424 1907; x_wconf 91' lang='lat' dir='ltr'>quibus</span> <span class='ocrx_word' id='word_1_121' title='bbox 448 1821 633 1886; x_wconf 87' lang='lat' dir='ltr'>comoediae</span> <span class='ocrx_word' id='word_1_122' title='bbox 656 1821 810 1904; x_wconf 76' lang='lat' dir='ltr'>palliatae</span> <span class='ocrx_word' id='word_1_123' title='bbox 832 1821 939 1904; x_wconf 87' lang='lat' dir='ltr'>poetis</span> <span class='ocrx_word' id='word_1_124' title='bbox 963 1842 1056 1885; x_wconf 88' lang='lat' dir='ltr'>suum</span> <span class='ocrx_word' id='word_1_125' title='bbox 1074 1820 1211 1904; x_wconf 89' lang='lat' dir='ltr'>singulis</span> <span class='ocrx_word' id='word_1_126' title='bbox 1230 1821 1369 1906; x_wconf 91' lang='lat' dir='ltr'>pretium</span> <span class='ocrx_word' id='word_1_127' title='bbox 1390 1827 1454 1888; x_wconf 85' lang='lat' dir='ltr'>sta-</span> 
     </span>
     <span class='ocr_line' id='line_1_15' title="bbox 307 1927 1453 2014; baseline 0.003 -22"><span class='ocrx_word' id='word_1_128' title='bbox 307 1929 419 1992; x_wconf 89' lang='lat' dir='ltr'>tuitur.</span> <span class='ocrx_word' id='word_1_129' title='bbox 464 1927 556 1992; x_wconf 90' lang='lat' dir='ltr'>Vnde</span> <span class='ocrx_word' id='word_1_130' title='bbox 584 1949 718 2011; x_wconf 90' lang='lat' dir='ltr'>prorsus</span> <span class='ocrx_word' id='word_1_131' title='bbox 746 1928 915 2010; x_wconf 89' lang='lat' dir='ltr'>probabile</span> <span class='ocrx_word' id='word_1_132' title='bbox 943 1929 981 1992; x_wconf 90' lang='lat' dir='ltr'>fit</span> <span class='ocrx_word' id='word_1_133' title='bbox 1008 1929 1041 1994; x_wconf 91' lang='lat' dir='ltr'>in</span> <span class='ocrx_word' id='word_1_134' title='bbox 1065 1929 1233 1993; x_wconf 83' lang='lat' dir='ltr'>tractando</span> <span class='ocrx_word' id='word_1_135' title='bbox 1262 1935 1453 2014; x_wconf 88' lang='lat' dir='ltr'>argumento</span> 
     </span>
     <span class='ocr_line' id='line_1_16' title="bbox 308 2033 1453 2118; baseline 0.003 -20"><span class='ocrx_word' id='word_1_136' title='bbox 308 2033 488 2118; x_wconf 86' lang='lat' dir='ltr'>Sedigitum</span> <span class='ocrx_word' id='word_1_137' title='bbox 520 2033 553 2098; x_wconf 93' lang='lat' dir='ltr'>id</span> <span class='ocrx_word' id='word_1_138' title='bbox 585 2033 712 2098; x_wconf 91' lang='lat' dir='ltr'>consilii</span> <span class='ocrx_word' id='word_1_139' title='bbox 745 2038 890 2098; x_wconf 88' lang='lat' dir='ltr'>secutuin</span> <span class='ocrx_word' id='word_1_140' title='bbox 917 2055 987 2098; x_wconf 88' lang='lat' dir='ltr'>esse</span> <span class='ocrx_word' id='word_1_141' title='bbox 1017 2039 1055 2098; x_wconf 90' lang='lat' dir='ltr'>at</span> <span class='ocrx_word' id='word_1_142' title='bbox 1082 2035 1211 2099; x_wconf 90' lang='lat' dir='ltr'>omissis</span> <span class='ocrx_word' id='word_1_143' title='bbox 1242 2037 1453 2101; x_wconf 87' lang='lat' dir='ltr'>ratiocinandi</span> 
     </span>
     <span class='ocr_line' id='line_1_17' title="bbox 255 2139 1453 2226; baseline 0.003 -22"><span class='ocrx_word' id='word_1_144' title='bbox 255 2147 296 2189; x_wconf 76' lang='lat'>⁶⁰¹</span> <span class='ocrx_word' id='word_1_145' title='bbox 309 2139 573 2224; x_wconf 85' lang='lat' dir='ltr'>disceptandique</span> <span class='ocrx_word' id='word_1_146' title='bbox 597 2139 788 2224; x_wconf 84' lang='lat' dir='ltr'>ambagibus</span> <span class='ocrx_word' id='word_1_147' title='bbox 813 2141 962 2204; x_wconf 90' lang='lat' dir='ltr'>omnibus</span> <span class='ocrx_word' id='word_1_148' title='bbox 985 2139 1091 2222; x_wconf 90' lang='lat' dir='ltr'>ipsam</span> <span class='ocrx_word' id='word_1_149' title='bbox 1115 2140 1162 2204; x_wconf 90' lang='lat' dir='ltr'>rei</span> <span class='ocrx_word' id='word_1_150' title='bbox 1182 2163 1352 2225; x_wconf 88' lang='lat' dir='ltr'>summam,</span> <span class='ocrx_word' id='word_1_151' title='bbox 1375 2165 1453 2226; x_wconf 86' lang='lat' dir='ltr'>qua-</span> 
     </span>
     <span class='ocr_line' id='line_1_18' title="bbox 308 2244 1453 2333; baseline 0.005 -24"><span class='ocrx_word' id='word_1_152' title='bbox 308 2247 371 2312; x_wconf 91' lang='lat' dir='ltr'>lem</span> <span class='ocrx_word' id='word_1_153' title='bbox 400 2247 509 2311; x_wconf 88' lang='lat' dir='ltr'>animo</span> <span class='ocrx_word' id='word_1_154' title='bbox 537 2269 595 2311; x_wconf 90' lang='lat' dir='ltr'>suo</span> <span class='ocrx_word' id='word_1_155' title='bbox 623 2244 884 2332; x_wconf 82' lang='lat' dir='ltr'>informasset*),</span> <span class='ocrx_word' id='word_1_156' title='bbox 917 2245 1109 2310; x_wconf 80' lang='lat' dir='ltr'>brevissimo</span> <span class='ocrx_word' id='word_1_157' title='bbox 1140 2251 1172 2310; x_wconf 92' lang='lat' dir='ltr'>in</span> <span class='ocrx_word' id='word_1_158' title='bbox 1199 2253 1371 2332; x_wconf 83' lang='lat' dir='ltr'>conspectu</span> <span class='ocrx_word' id='word_1_159' title='bbox 1396 2272 1453 2333; x_wconf 92' lang='lat' dir='ltr'>po-</span> 
     </span>
     <span class='ocr_line' id='line_1_19' title="bbox 307 2353 1451 2440; baseline 0.006 -24"><span class='ocrx_word' id='word_1_160' title='bbox 307 2358 408 2418; x_wconf 86' lang='lat' dir='ltr'>neret</span> <span class='ocrx_word' id='word_1_161' title='bbox 453 2353 538 2417; x_wconf 90' lang='lat' dir='ltr'>Hine</span> <span class='ocrx_word' id='word_1_162' title='bbox 565 2353 666 2438; x_wconf 90' lang='lat' dir='ltr'>igitur</span> <span class='ocrx_word' id='word_1_163' title='bbox 693 2357 780 2418; x_wconf 86' lang='lat' dir='ltr'>recte</span> <span class='ocrx_word' id='word_1_164' title='bbox 808 2353 989 2418; x_wconf 80' lang='lat' dir='ltr'>existimari</span> <span class='ocrx_word' id='word_1_165' title='bbox 1017 2353 1056 2417; x_wconf 92' lang='lat' dir='ltr'>de</span> <span class='ocrx_word' id='word_1_166' title='bbox 1079 2353 1145 2417; x_wconf 91' lang='lat' dir='ltr'>illis</span> <span class='ocrx_word' id='word_1_167' title='bbox 1169 2355 1291 2437; x_wconf 89' lang='lat' dir='ltr'>poterit</span> <span class='ocrx_word' id='word_1_168' title='bbox 1313 2378 1395 2440; x_wconf 89' lang='lat' dir='ltr'>quae</span> <span class='ocrx_word' id='word_1_169' title='bbox 1419 2359 1451 2422; x_wconf 91' lang='lat' dir='ltr'>in</span> 
     </span>
     <span class='ocr_line' id='line_1_20' title="bbox 307 2459 1454 2543; baseline 0.003 -19"><span class='ocrx_word' id='word_1_170' title='bbox 307 2459 399 2524; x_wconf 87' lang='lat' dir='ltr'>libris</span> <span class='ocrx_word' id='word_1_171' title='bbox 427 2462 472 2524; x_wconf 90' lang='lat' dir='ltr'>sic</span> <span class='ocrx_word' id='word_1_172' title='bbox 501 2460 621 2543; x_wconf 87' lang='lat' dir='ltr'>scripte</span> <span class='ocrx_word' id='word_1_173' title='bbox 649 2465 737 2525; x_wconf 89' lang='lat' dir='ltr'>sunt:</span> <span class='ocrx_word' id='word_1_174' title='bbox 769 2461 914 2542; x_wconf 63' lang='lat' dir='ltr'>amenis</span> <span class='ocrx_word' id='word_1_175' title='bbox 942 2459 1098 2526; x_wconf 72' lang='lat' dir='ltr'>Volcatius</span> <span class='ocrx_word' id='word_1_176' title='bbox 1119 2461 1155 2525; x_wconf 83' lang='lat' dir='ltr'>dc</span> <span class='ocrx_word' id='word_1_177' title='bbox 1177 2464 1454 2527; x_wconf 79' lang='lat' dir='ltr'>enumeratione</span> 
     </span>
     <span class='ocr_line' id='line_1_21' title="bbox 307 2567 1452 2651; baseline 0.003 -19"><span class='ocrx_word' id='word_1_178' title='bbox 307 2569 445 2632; x_wconf 77' lang='lat' dir='ltr'>anniam</span> <span class='ocrx_word' id='word_1_179' title='bbox 471 2569 518 2632; x_wconf 81' lang='lat' dir='ltr'>tta</span> <span class='ocrx_word' id='word_1_180' title='bbox 543 2567 668 2650; x_wconf 73' lang='lat' dir='ltr'>aridai,</span> <span class='ocrx_word' id='word_1_181' title='bbox 695 2567 760 2631; x_wconf 91' lang='lat' dir='ltr'>nisi</span> <span class='ocrx_word' id='word_1_182' title='bbox 790 2567 875 2651; x_wconf 90' lang='lat' dir='ltr'>quod</span> <span class='ocrx_word' id='word_1_183' title='bbox 901 2569 1149 2633; x_wconf 64' lang='lat' dir='ltr'>masmanna</span> <span class='ocrx_word' id='word_1_184' title='bbox 1172 2571 1264 2632; x_wconf 80' lang='lat' dir='ltr'>vetus</span> <span class='ocrx_word' id='word_1_185' title='bbox 1288 2568 1452 2636; x_wconf 85' lang='lat' dir='ltr'>Parisinus</span> 
     </span>
     <span class='ocr_line' id='line_1_22' title="bbox 307 2673 1453 2760; baseline 0.005 -24"><span class='ocrx_word' id='word_1_186' title='bbox 307 2673 446 2738; x_wconf 88' lang='lat' dir='ltr'>exhibet.</span> <span class='ocrx_word' id='word_1_187' title='bbox 497 2673 586 2750; x_wconf 87' lang='lat' dir='ltr'>Quae</span> <span class='ocrx_word' id='word_1_188' title='bbox 619 2675 718 2738; x_wconf 83' lang='lat' dir='ltr'>verba</span> <span class='ocrx_word' id='word_1_189' title='bbox 750 2675 882 2739; x_wconf 90' lang='lat' dir='ltr'>omnino</span> <span class='ocrx_word' id='word_1_190' title='bbox 914 2674 1062 2759; x_wconf 81' lang='lat' dir='ltr'>intellegi</span> <span class='ocrx_word' id='word_1_191' title='bbox 1094 2675 1190 2739; x_wconf 82' lang='lat' dir='ltr'>aliter</span> <span class='ocrx_word' id='word_1_192' title='bbox 1221 2697 1286 2739; x_wconf 90' lang='lat' dir='ltr'>non</span> <span class='ocrx_word' id='word_1_193' title='bbox 1315 2683 1453 2760; x_wconf 89' lang='lat' dir='ltr'>possunt</span> 
     </span>
     <span class='ocr_line' id='line_1_23' title="bbox 306 2779 1452 2866; baseline 0.003 -22"><span class='ocrx_word' id='word_1_194' title='bbox 306 2781 368 2844; x_wconf 88' lang='lat' dir='ltr'>nisi</span> <span class='ocrx_word' id='word_1_195' title='bbox 392 2785 429 2844; x_wconf 91' lang='lat' dir='ltr'>ut</span> <span class='ocrx_word' id='word_1_196' title='bbox 451 2781 560 2866; x_wconf 86' lang='lat' dir='ltr'>aliquo</span> <span class='ocrx_word' id='word_1_197' title='bbox 583 2783 689 2866; x_wconf 85' lang='lat' dir='ltr'>capite</span> <span class='ocrx_word' id='word_1_198' title='bbox 711 2781 786 2846; x_wconf 92' lang='lat' dir='ltr'>libri</span> <span class='ocrx_word' id='word_1_199' title='bbox 809 2781 859 2846; x_wconf 91' lang='lat' dir='ltr'>sui</span> <span class='ocrx_word' id='word_1_200' title='bbox 883 2779 1046 2866; x_wconf 82' lang='lat' dir='ltr'>Sedigitas</span> <span class='ocrx_word' id='word_1_201' title='bbox 1069 2785 1203 2864; x_wconf 86' lang='lat' dir='ltr'>putetur</span> <span class='ocrx_word' id='word_1_202' title='bbox 1226 2781 1335 2846; x_wconf 89' lang='lat' dir='ltr'>dedita</span> <span class='ocrx_word' id='word_1_203' title='bbox 1354 2805 1452 2866; x_wconf 88' lang='lat' dir='ltr'>opera</span> 
     </span>
     <span class='ocr_line' id='line_1_24' title="bbox 306 2887 1451 2974; baseline 0.003 -24"><span class='ocrx_word' id='word_1_204' title='bbox 306 2887 383 2952; x_wconf 93' lang='lat' dir='ltr'>illud</span> <span class='ocrx_word' id='word_1_205' title='bbox 414 2887 627 2972; x_wconf 79' lang='lat' dir='ltr'>disceptasse,</span> <span class='ocrx_word' id='word_1_206' title='bbox 660 2909 722 2974; x_wconf 90' lang='lat' dir='ltr'>quo</span> <span class='ocrx_word' id='word_1_207' title='bbox 751 2887 862 2953; x_wconf 89' lang='lat' dir='ltr'>ordine</span> <span class='ocrx_word' id='word_1_208' title='bbox 891 2887 1037 2972; x_wconf 81' lang='lat' dir='ltr'>singulae</span> <span class='ocrx_word' id='word_1_209' title='bbox 1066 2887 1208 2952; x_wconf 80' lang='lat' dir='ltr'>Terentii</span> <span class='ocrx_word' id='word_1_210' title='bbox 1237 2887 1367 2953; x_wconf 79' lang='lat' dir='ltr'>fabulae</span> <span class='ocrx_word' id='word_1_211' title='bbox 1394 2911 1451 2953; x_wconf 92' lang='lat' dir='ltr'>nu·</span> 
     </span>
     <span class='ocr_line' id='line_1_25' title="bbox 307 2993 1452 3077; baseline 0.002 -20"><span class='ocrx_word' id='word_1_212' title='bbox 307 2993 477 3058; x_wconf 83' lang='lat' dir='ltr'>merendae</span> <span class='ocrx_word' id='word_1_213' title='bbox 505 2995 556 3060; x_wconf 85' lang='lat' dir='ltr'>vel</span> <span class='ocrx_word' id='word_1_214' title='bbox 585 2995 819 3060; x_wconf 85' lang='lat' dir='ltr'>enumerandae</span> <span class='ocrx_word' id='word_1_215' title='bbox 847 2999 957 3058; x_wconf 78' lang='lat' dir='ltr'>essent</span> <span class='ocrx_word' id='word_1_216' title='bbox 984 2993 1015 3058; x_wconf 91' lang='lat' dir='ltr'>h.</span> <span class='ocrx_word' id='word_1_217' title='bbox 1044 3015 1070 3058; x_wconf 93' lang='lat' dir='ltr'>e.</span> <span class='ocrx_word' id='word_1_218' title='bbox 1098 3014 1162 3077; x_wconf 89' lang='lat' dir='ltr'>quo</span> <span class='ocrx_word' id='word_1_219' title='bbox 1190 3015 1224 3058; x_wconf 89' lang='lat' dir='ltr'>se</span> <span class='ocrx_word' id='word_1_220' title='bbox 1248 2994 1359 3059; x_wconf 84' lang='lat' dir='ltr'>ordine</span> <span class='ocrx_word' id='word_1_221' title='bbox 1383 2995 1452 3060; x_wconf 85' lang='lat' dir='ltr'>sive</span> 
     </span>
     <span class='ocr_line' id='line_1_26' title="bbox 307 3099 1450 3186; baseline 0.001 -21"><span class='ocrx_word' id='word_1_222' title='bbox 307 3105 399 3165; x_wconf 89' lang='lat' dir='ltr'>actae</span> <span class='ocrx_word' id='word_1_223' title='bbox 423 3101 490 3164; x_wconf 85' lang='lat' dir='ltr'>sive</span> <span class='ocrx_word' id='word_1_224' title='bbox 512 3100 617 3166; x_wconf 85' lang='lat' dir='ltr'>fectae</span> <span class='ocrx_word' id='word_1_225' title='bbox 637 3101 848 3184; x_wconf 85' lang='lat' dir='ltr'>excepissent.</span> <span class='ocrx_word' id='word_1_226' title='bbox 885 3099 922 3164; x_wconf 92' lang='lat' dir='ltr'>Id</span> <span class='ocrx_word' id='word_1_227' title='bbox 942 3104 1050 3164; x_wconf 89' lang='lat' dir='ltr'>autem</span> <span class='ocrx_word' id='word_1_228' title='bbox 1069 3099 1231 3164; x_wconf 91' lang='lat' dir='ltr'>neminem</span> <span class='ocrx_word' id='word_1_229' title='bbox 1249 3101 1335 3186; x_wconf 87' lang='lat' dir='ltr'>fugit</span> <span class='ocrx_word' id='word_1_230' title='bbox 1355 3123 1450 3186; x_wconf 91' lang='lat' dir='ltr'>quam</span> 
     </span>
     <span class='ocr_line' id='line_1_27' title="bbox 307 3205 1452 3292; baseline 0.002 -21"><span class='ocrx_word' id='word_1_231' title='bbox 307 3207 348 3271; x_wconf 84' lang='lat' dir='ltr'>ab</span> <span class='ocrx_word' id='word_1_232' title='bbox 372 3229 409 3271; x_wconf 91' lang='lat' dir='ltr'>eo</span> <span class='ocrx_word' id='word_1_233' title='bbox 433 3207 567 3272; x_wconf 91' lang='lat' dir='ltr'>consilio</span> <span class='ocrx_word' id='word_1_234' title='bbox 591 3205 741 3292; x_wconf 90' lang='lat' dir='ltr'>Sedigiti,</span> <span class='ocrx_word' id='word_1_235' title='bbox 764 3207 859 3292; x_wconf 88' lang='lat' dir='ltr'>quale</span> <span class='ocrx_word' id='word_1_236' title='bbox 883 3211 980 3271; x_wconf 85' lang='lat' dir='ltr'>antea</span> <span class='ocrx_word' id='word_1_237' title='bbox 1001 3205 1243 3289; x_wconf 89' lang='lat' dir='ltr'>descripsimus,</span> <span class='ocrx_word' id='word_1_238' title='bbox 1268 3206 1452 3274; x_wconf 88' lang='lat' dir='ltr'>abhorreat.</span> 
     </span>
     <span class='ocr_line' id='line_1_28' title="bbox 305 3312 1452 3399; baseline 0.002 -21"><span class='ocrx_word' id='word_1_239' title='bbox 305 3313 518 3379; x_wconf 83' lang='lat' dir='ltr'>Enumeravit</span> <span class='ocrx_word' id='word_1_240' title='bbox 553 3314 580 3379; x_wconf 92' lang='lat' dir='ltr'>is</span> <span class='ocrx_word' id='word_1_241' title='bbox 616 3314 699 3398; x_wconf 86' lang='lat' dir='ltr'>ipse,</span> <span class='ocrx_word' id='word_1_242' title='bbox 735 3335 800 3378; x_wconf 91' lang='lat' dir='ltr'>non</span> <span class='ocrx_word' id='word_1_243' title='bbox 837 3314 906 3399; x_wconf 87' lang='lat' dir='ltr'>egit</span> <span class='ocrx_word' id='word_1_244' title='bbox 942 3313 981 3377; x_wconf 89' lang='lat' dir='ltr'>de</span> <span class='ocrx_word' id='word_1_245' title='bbox 1013 3312 1269 3378; x_wconf 87' lang='lat' dir='ltr'>enumeratione:</span> <span class='ocrx_word' id='word_1_246' title='bbox 1306 3335 1383 3378; x_wconf 87' lang='lat' dir='ltr'>nam</span> <span class='ocrx_word' id='word_1_247' title='bbox 1414 3316 1452 3380; x_wconf 82' lang='lat' dir='ltr'>de</span> 
     </span>
     <span class='ocr_line' id='line_1_29' title="bbox 305 3418 1450 3505; baseline 0.003 -22"><span class='ocrx_word' id='word_1_248' title='bbox 305 3423 516 3485; x_wconf 66' lang='lat' dir='ltr'>autumatione</span> <span class='ocrx_word' id='word_1_249' title='bbox 545 3421 597 3486; x_wconf 85' lang='lat' dir='ltr'>vel</span> <span class='ocrx_word' id='word_1_250' title='bbox 624 3425 797 3505; x_wconf 89' lang='lat' dir='ltr'>propterea</span> <span class='ocrx_word' id='word_1_251' title='bbox 823 3420 1041 3486; x_wconf 89' lang='lat' dir='ltr'>reiectaneam</span> <span class='ocrx_word' id='word_1_252' title='bbox 1064 3423 1115 3483; x_wconf 91' lang='lat' dir='ltr'>est</span> <span class='ocrx_word' id='word_1_253' title='bbox 1138 3419 1223 3504; x_wconf 91' lang='lat' dir='ltr'>quod</span> <span class='ocrx_word' id='word_1_254' title='bbox 1248 3418 1450 3486; x_wconf 67' lang='lat' dir='ltr'>‘namatio-</span> 
     </span>
     <span class='ocr_line' id='line_1_30' title="bbox 304 3525 1450 3609; baseline 0 -17"><span class='ocrx_word' id='word_1_255' title='bbox 304 3525 402 3592; x_wconf 86' lang='lat' dir='ltr'>nem&#39;.</span> <span class='ocrx_word' id='word_1_256' title='bbox 418 3549 484 3592; x_wconf 91' lang='lat' dir='ltr'>non</span> <span class='ocrx_word' id='word_1_257' title='bbox 512 3529 660 3592; x_wconf 81' lang='lat' dir='ltr'>novimus</span> <span class='ocrx_word' id='word_1_258' title='bbox 693 3528 791 3592; x_wconf 91' lang='lat' dir='ltr'>aliam</span> <span class='ocrx_word' id='word_1_259' title='bbox 823 3527 944 3593; x_wconf 88' lang='lat' dir='ltr'>dictem</span> <span class='ocrx_word' id='word_1_260' title='bbox 973 3527 1036 3591; x_wconf 88' lang='lat' dir='ltr'>nisi</span> <span class='ocrx_word' id='word_1_261' title='bbox 1065 3525 1259 3590; x_wconf 85' lang='lat' dir='ltr'>solutionem</span> <span class='ocrx_word' id='word_1_262' title='bbox 1286 3526 1450 3609; x_wconf 86' lang='lat' dir='ltr'>pecuniae.</span> 
     </span>
     <span class='ocr_line' id='line_1_31' title="bbox 305 3633 1450 3720; baseline -0.002 -21"><span class='ocrx_word' id='word_1_263' title='bbox 305 3633 395 3720; x_wconf 81' lang='lat' dir='ltr'>Ergo</span> <span class='ocrx_word' id='word_1_264' title='bbox 419 3635 504 3720; x_wconf 90' lang='lat' dir='ltr'>qaod</span> <span class='ocrx_word' id='word_1_265' title='bbox 528 3635 721 3720; x_wconf 89' lang='lat' dir='ltr'>requirimus</span> <span class='ocrx_word' id='word_1_266' title='bbox 743 3657 809 3700; x_wconf 89' lang='lat' dir='ltr'>non</span> <span class='ocrx_word' id='word_1_267' title='bbox 833 3639 883 3700; x_wconf 89' lang='lat' dir='ltr'>est</span> <span class='ocrx_word' id='word_1_268' title='bbox 905 3637 946 3700; x_wconf 88' lang='lat' dir='ltr'>de</span> <span class='ocrx_word' id='word_1_269' title='bbox 965 3634 1216 3716; x_wconf 87' lang='lat' dir='ltr'>enumeratione,</span> <span class='ocrx_word' id='word_1_270' title='bbox 1240 3633 1295 3697; x_wconf 88' lang='lat' dir='ltr'>sed</span> <span class='ocrx_word' id='word_1_271' title='bbox 1314 3634 1355 3697; x_wconf 82' lang='lat' dir='ltr'>in</span> <span class='ocrx_word' id='word_1_272' title='bbox 1374 3655 1450 3698; x_wconf 89' lang='lat' dir='ltr'>ena·</span> 
     </span>
     <span class='ocr_line' id='line_1_32' title="bbox 305 3739 1450 3826; baseline -0.001 -21"><span class='ocrx_word' id='word_1_273' title='bbox 305 3742 482 3807; x_wconf 83' lang='lat' dir='ltr'>moratione</span> <span class='ocrx_word' id='word_1_274' title='bbox 510 3742 628 3826; x_wconf 88' lang='lat' dir='ltr'>potius.</span> <span class='ocrx_word' id='word_1_275' title='bbox 678 3739 748 3818; x_wconf 83' lang='lat' dir='ltr'>Quo</span> <span class='ocrx_word' id='word_1_276' title='bbox 775 3745 885 3806; x_wconf 87' lang='lat' dir='ltr'>tamen</span> <span class='ocrx_word' id='word_1_277' title='bbox 915 3741 977 3804; x_wconf 89' lang='lat' dir='ltr'>etsi</span> <span class='ocrx_word' id='word_1_278' title='bbox 1001 3741 1081 3804; x_wconf 88' lang='lat' dir='ltr'>satis</span> <span class='ocrx_word' id='word_1_279' title='bbox 1103 3739 1140 3804; x_wconf 89' lang='lat' dir='ltr'>fit</span> <span class='ocrx_word' id='word_1_280' title='bbox 1157 3740 1353 3826; x_wconf 79' lang='lat' dir='ltr'>¹sententiae,</span> <span class='ocrx_word' id='word_1_281' title='bbox 1384 3762 1450 3805; x_wconf 87' lang='lat' dir='ltr'>non</span> 
     </span>
    </p>
   </div>
   <div class='ocr_carea' id='block_1_3' title="bbox 300 3948 1450 4552">
    <p class='ocr_par' dir='ltr' id='par_1_3' title="bbox 300 3948 1450 4552">
     <span class='ocr_line' id='line_1_33' title="bbox 376 3948 1450 4020; baseline -0.003 -13"><span class='ocrx_word' id='word_1_282' title='bbox 376 3950 400 4020; x_wconf 84' lang='lat'>*)</span> <span class='ocrx_word' id='word_1_283' title='bbox 420 3951 563 4017; x_wconf 80' lang='lat' dir='ltr'>Quaedam</span> <span class='ocrx_word' id='word_1_284' title='bbox 583 3955 677 4007; x_wconf 61' lang='lat' dir='ltr'>annm</span> <span class='ocrx_word' id='word_1_285' title='bbox 696 3951 765 4006; x_wconf 86' lang='lat' dir='ltr'>eatis</span> <span class='ocrx_word' id='word_1_286' title='bbox 783 3951 863 4006; x_wconf 87' lang='lat' dir='ltr'>illum</span> <span class='ocrx_word' id='word_1_287' title='bbox 882 3948 1049 4004; x_wconf 85' lang='lat' dir='ltr'>mirabiliter</span> <span class='ocrx_word' id='word_1_288' title='bbox 1067 3949 1122 4004; x_wconf 90' lang='lat' dir='ltr'>sibi</span> <span class='ocrx_word' id='word_1_289' title='bbox 1139 3948 1303 4004; x_wconf 82' lang='lat' dir='ltr'>informasse</span> <span class='ocrx_word' id='word_1_290' title='bbox 1321 3948 1385 4018; x_wconf 81' lang='lat' dir='ltr'>ipsa</span> <span class='ocrx_word' id='word_1_291' title='bbox 1398 3949 1450 4004; x_wconf 84' lang='lat' dir='ltr'>illa</span> 
     </span>
     <span class='ocr_line' id='line_1_34' title="bbox 305 4037 1448 4111; baseline -0.003 -16"><span class='ocrx_word' id='word_1_292' title='bbox 305 4057 424 4096; x_wconf 86' lang='lat' dir='ltr'>censura</span> <span class='ocrx_word' id='word_1_293' title='bbox 441 4045 588 4110; x_wconf 83' lang='lat' dir='ltr'>poetarum</span> <span class='ocrx_word' id='word_1_294' title='bbox 605 4041 696 4111; x_wconf 91' lang='lat' dir='ltr'>docet,</span> <span class='ocrx_word' id='word_1_295' title='bbox 715 4041 744 4095; x_wconf 91' lang='lat' dir='ltr'>in</span> <span class='ocrx_word' id='word_1_296' title='bbox 758 4056 815 4110; x_wconf 84' lang='lat' dir='ltr'>qus</span> <span class='ocrx_word' id='word_1_297' title='bbox 829 4039 1002 4110; x_wconf 82' lang='lat' dir='ltr'>expedienda</span> <span class='ocrx_word' id='word_1_298' title='bbox 1015 4037 1245 4108; x_wconf 83' lang='lat' dir='ltr'>defendendaque</span> <span class='ocrx_word' id='word_1_299' title='bbox 1260 4053 1374 4108; x_wconf 84' lang='lat' dir='ltr'>operam</span> <span class='ocrx_word' id='word_1_300' title='bbox 1388 4055 1448 4107; x_wconf 86' lang='lat' dir='ltr'>per-</span> 
     </span>
     <span class='ocr_line' id='line_1_35' title="bbox 304 4126 1448 4200; baseline -0.003 -16"><span class='ocrx_word' id='word_1_301' title='bbox 304 4129 407 4184; x_wconf 88' lang='lat' dir='ltr'>didisse</span> <span class='ocrx_word' id='word_1_302' title='bbox 426 4129 616 4200; x_wconf 82' lang='lat' dir='ltr'>Ladewigium</span> <span class='ocrx_word' id='word_1_303' title='bbox 636 4133 711 4200; x_wconf 89' lang='lat' dir='ltr'>puto.</span> <span class='ocrx_word' id='word_1_304' title='bbox 730 4161 764 4170; x_wconf 88' lang='lat'><em>-</em></span> <span class='ocrx_word' id='word_1_305' title='bbox 782 4128 912 4183; x_wconf 76' lang='lat' dir='ltr'>Ceterum</span> <span class='ocrx_word' id='word_1_306' title='bbox 931 4145 1059 4183; x_wconf 84' lang='lat' dir='ltr'>versuum</span> <span class='ocrx_word' id='word_1_307' title='bbox 1074 4128 1187 4183; x_wconf 92' lang='lat' dir='ltr'>illorum</span> <span class='ocrx_word' id='word_1_308' title='bbox 1201 4126 1351 4196; x_wconf 90' lang='lat' dir='ltr'>septimum</span> <span class='ocrx_word' id='word_1_309' title='bbox 1366 4127 1448 4181; x_wconf 79' lang='lat' dir='ltr'>sebe-</span> 
     </span>
     <span class='ocr_line' id='line_1_36' title="bbox 304 4215 1448 4285; baseline -0.003 -12"><span class='ocrx_word' id='word_1_310' title='bbox 304 4221 411 4273; x_wconf 83' lang='lat' dir='ltr'>menter</span> <span class='ocrx_word' id='word_1_311' title='bbox 433 4218 537 4274; x_wconf 86' lang='lat' dir='ltr'>suadeo</span> <span class='ocrx_word' id='word_1_312' title='bbox 560 4219 592 4272; x_wconf 88' lang='lat' dir='ltr'>ut</span> <span class='ocrx_word' id='word_1_313' title='bbox 614 4217 744 4274; x_wconf 85' lang='lat' dir='ltr'>desinant</span> <span class='ocrx_word' id='word_1_314' title='bbox 764 4215 852 4271; x_wconf 88' lang='lat' dir='ltr'>talem</span> <span class='ocrx_word' id='word_1_315' title='bbox 876 4215 1007 4272; x_wconf 85' lang='lat' dir='ltr'>exhibere</span> <span class='ocrx_word' id='word_1_316' title='bbox 1030 4217 1105 4271; x_wconf 82' lang='lat' dir='ltr'>Dein</span> <span class='ocrx_word' id='word_1_317' title='bbox 1123 4215 1263 4284; x_wconf 84' lang='lat' dir='ltr'>Naeuius,</span> <span class='ocrx_word' id='word_1_318' title='bbox 1286 4217 1336 4285; x_wconf 79' lang='lat' dir='ltr'>qui</span> <span class='ocrx_word' id='word_1_319' title='bbox 1352 4217 1448 4284; x_wconf 61' lang='lat' dir='ltr'>fauet,</span> 
     </span>
     <span class='ocr_line' id='line_1_37' title="bbox 300 4303 1449 4376; baseline -0.003 -16"><span class='ocrx_word' id='word_1_320' title='bbox 300 4309 391 4376; x_wconf 81' lang='lat' dir='ltr'>pretio</span> <span class='ocrx_word' id='word_1_321' title='bbox 409 4309 441 4362; x_wconf 82' lang='lat' dir='ltr'>tn</span> <span class='ocrx_word' id='word_1_322' title='bbox 459 4307 576 4361; x_wconf 79' lang='lat' dir='ltr'>tertioat:</span> <span class='ocrx_word' id='word_1_323' title='bbox 594 4323 649 4376; x_wconf 90' lang='lat' dir='ltr'>quo</span> <span class='ocrx_word' id='word_1_324' title='bbox 668 4306 752 4360; x_wconf 86' lang='lat' dir='ltr'>etiam</span> <span class='ocrx_word' id='word_1_325' title='bbox 772 4305 852 4374; x_wconf 89' lang='lat' dir='ltr'>peius</span> <span class='ocrx_word' id='word_1_326' title='bbox 870 4303 921 4360; x_wconf 86' lang='lat' dir='ltr'>alii</span> <span class='ocrx_word' id='word_1_327' title='bbox 939 4307 988 4375; x_wconf 84' lang='lat' dir='ltr'>qni</span> <span class='ocrx_word' id='word_1_328' title='bbox 1005 4307 1088 4374; x_wconf 73' lang='lat' dir='ltr'>ferret</span> <span class='ocrx_word' id='word_1_329' title='bbox 1102 4305 1224 4374; x_wconf 81' lang='lat' dir='ltr'>pretium</span> <span class='ocrx_word' id='word_1_330' title='bbox 1238 4305 1354 4358; x_wconf 76' lang='lat' dir='ltr'>tertirnn.</span> <span class='ocrx_word' id='word_1_331' title='bbox 1385 4303 1449 4357; x_wconf 86' lang='lat' dir='ltr'>Vna</span> 
     </span>
     <span class='ocr_line' id='line_1_38' title="bbox 304 4393 1449 4463; baseline -0.002 -15"><span class='ocrx_word' id='word_1_332' title='bbox 304 4411 348 4448; x_wconf 86' lang='lat' dir='ltr'>me</span> <span class='ocrx_word' id='word_1_333' title='bbox 368 4394 458 4448; x_wconf 89' lang='lat' dir='ltr'>iudice</span> <span class='ocrx_word' id='word_1_334' title='bbox 477 4393 624 4463; x_wconf 87' lang='lat' dir='ltr'>probanda</span> <span class='ocrx_word' id='word_1_335' title='bbox 641 4396 711 4450; x_wconf 85' lang='lat' dir='ltr'>haec</span> <span class='ocrx_word' id='word_1_336' title='bbox 730 4411 824 4448; x_wconf 85' lang='lat' dir='ltr'>versus</span> <span class='ocrx_word' id='word_1_337' title='bbox 842 4394 945 4450; x_wconf 73' lang='lat' dir='ltr'>tonnae</span> <span class='ocrx_word' id='word_1_338' title='bbox 971 4395 1045 4448; x_wconf 82' lang='lat' dir='ltr'>Dein</span> <span class='ocrx_word' id='word_1_339' title='bbox 1064 4394 1199 4462; x_wconf 79' lang='lat' dir='ltr'>Naeuius,</span> <span class='ocrx_word' id='word_1_340' title='bbox 1217 4393 1266 4463; x_wconf 79' lang='lat' dir='ltr'>qai</span> <span class='ocrx_word' id='word_1_341' title='bbox 1283 4396 1371 4446; x_wconf 71' lang='lat' dir='ltr'>annet</span> <span class='ocrx_word' id='word_1_342' title='bbox 1384 4409 1449 4460; x_wconf 83' lang='lat' dir='ltr'>pre·</span> 
     </span>
     <span class='ocr_line' id='line_1_39' title="bbox 304 4485 515 4552; baseline 0 -14"><span class='ocrx_word' id='word_1_343' title='bbox 304 4485 381 4552; x_wconf 85' lang='lat' dir='ltr'>lium,</span> <span class='ocrx_word' id='word_1_344' title='bbox 400 4485 515 4538; x_wconf 66' lang='lat' dir='ltr'>uniat.</span> 
     </span>
    </p>
   </div>
   <div class='ocr_carea' id='block_1_4' title="bbox 0 0 1642 5114">
    <p class='ocr_par' dir='ltr' id='par_1_4' title="bbox 0 0 1642 5114">
     <span class='ocr_line' id='line_1_40' title="bbox 0 0 1642 5114; baseline 0 2"><span class='ocrx_word' id='word_1_345' title='bbox 0 0 1642 5114; x_wconf 95' lang='lat' dir='ltr'> </span> 
     </span>
    </p>
   </div>
  </div>
 </body>
</html>
