3302 5106
296 381 362 446 404
719 400 765 446 nn
791 401 824 446 u.
839 398 1014 447 vunaours

297 537 418 616 Quodsi
446 539 603 604 Varronis
633 539 750 604 horum
780 541 962 625 aequalium
993 544 1027 604 et
1055 540 1264 605 familiarium
1294 544 1444 625 tempora

296 647 547 731 inquisierimu's,
566 646 650 711 effici
665 647 793 712 videtur
811 649 897 712 cirea
914 649 1011 712 finem
1031 647 1162 730 septimi
1181 649 1303 713 saeculi
1323 649 1443 713 octavi-

298 775 359 838 que
388 753 484 817 initio
512 752 651 837 scriptos
680 776 750 819 esse
778 756 879 820 libros
907 755 1128 840 logistorioos:
1160 777 1219 819 nec
1247 755 1333 819 enim
1356 754 1444 820 intra

297 881 473 943 paucorum
505 882 664 926 annorum
698 861 840 945 spatium
875 861 1015 945 scriptos
1049 883 1119 926 esse
1156 883 1267 926 omnes
1305 863 1443 945 oportet.

297 965 502 1052 Argumenta
525 971 634 1032 autem
658 968 779 1052 partim
802 966 842 1032 de
865 968 973 1032 ethico
997 987 1123 1052 genere,
1145 968 1265 1052 partim
1283 968 1322 1032 de
1341 967 1444 1032 histo-

297 1073 365 1138 rioo
388 1074 492 1156 petite
516 1077 600 1139 sunt.
648 1072 860 1139 Sermonesne
884 1073 1138 1158 colloquentium
1166 1094 1236 1138 esse
1259 1072 1365 1138 Varro
1388 1095 1443 1138 vo-

248 1205 284 1246 rv
297 1180 396 1244 luerit
415 1202 456 1244 an
476 1202 549 1246 suas
569 1181 669 1265 ipsius
689 1182 861 1247 continuas
880 1181 1125 1264 disputationes,
1148 1181 1313 1244 nonsatis
1333 1181 1443 1264 liquet.

298 1284 361 1352 Sed
385 1309 484 1350 unum
505 1287 731 1373 logistoricum
750 1287 898 1371 pluribus
917 1286 1063 1371 potuisse
1082 1286 1175 1350 libris
1195 1286 1356 1371 distribui,
1379 1309 1443 1351 uno

297 1394 351 1458 vix
375 1394 529 1480 ambiguo
553 1395 700 1478 exemplo
724 1393 936 1479 intellegitur,

387 1500 502 1564 Paucis
531 1501 577 1564 rei
606 1523 764 1566 summam
792 1501 961 1564 universae
994 1495 1152 1582 complexi
1187 1521 1306 1564 sumus.
1357 1497 1441 1564 Nam

298 1629 380 1690 quae
408 1607 574 1691 posuimus
603 1609 712 1673 omnia
741 1630 805 1672 non
832 1611 902 1671 tam
931 1605 1027 1670 certis
1051 1605 1221 1709 planisque
1244 1606 1440 1670 testimoniis

297 1715 516 1796 declarantur,
550 1737 646 1799 quam
675 1737 692 1780 e
716 1713 909 1798 promiscuis
938 1734 975 1778 ao
998 1733 1095 1796 saepe
1118 1711 1271 1776 tenuibus
1295 1712 1442 1797 vestigiis

298 1821 435 1886 invicem
459 1822 545 1886 inter
568 1843 602 1886 se
625 1823 755 1888 collatis
775 1822 982 1907 colliguntur,
1005 1819 1061 1882 sed
1080 1821 1117 1883 ut
1135 1822 1254 1902 tamen,
1277 1818 1362 1903 quod
1386 1819 1443 1882 ali-

298 1931 378 2011 quot
401 1927 557 2010 exemplis
580 1928 675 2010 plene
700 1933 733 1992 et
756 1928 922 1992 evidenter
945 1929 1091 2010 apparet,
1113 1947 1179 1990 non
1202 1925 1321 1989 iniuria
1344 1925 1443 1989 etiam

298 2033 338 2096 ad
367 2053 405 2096 ea
432 2032 560 2098 traduci
588 2033 748 2116 videatur,
781 2034 819 2097 de
848 2033 966 2118 quibus
995 2032 1171 2096 memoriae
1199 2031 1261 2095 fide
1290 2035 1443 2115 exparte

297 2143 427 2203 tantum
450 2141 587 2204 constat
633 2139 682 2204 Ac
709 2138 858 2223 geminae
886 2137 1108 2222 inscriptionis
1131 2137 1302 2202 eonsilium
1325 2139 1443 2222 ipsum-

299 2266 360 2329 que
383 2245 646 2330 logistorioorum
671 2267 790 2310 nomen
813 2245 893 2310 haec
916 2247 1088 2327 testantur,
1112 2266 1193 2328 quae
1212 2244 1299 2308 infra
1318 2245 1444 2328 scripsi-

299 2374 370 2416 mus
391 2374 462 2416 cum
483 2352 523 2416 iis
542 2352 739 2417 testimoniis
759 2350 950 2434 composita,
969 2349 1087 2434 quibus
1101 2349 1192 2433 pleni
1207 2349 1295 2415 tituli
1311 2351 1444 2436 quibus-

299 2479 360 2544 que
384 2457 635 2543 compendifacti
658 2459 829 2544 prodeunt.

396 2566 420 2628 Ι.
459 2563 582 2628 Gellius
606 2565 663 2648 IV,
680 2567 733 2630 19:
759 2565 805 2630 M.
825 2565 925 2629 Varro
947 2563 983 2628 in
1006 2561 1176 2646 nanneno
1200 2563 1256 2644 qni
1276 2563 1445 2645 inscriptus

458 2677 501 2738 est
524 2671 637 2738 Cotus
659 2677 715 2736 aul
736 2674 777 2737 cle
800 2673 933 2736 liberis
955 2673 1165 2737 educandis.
1197 2669 1288 2734 Idem
1302 2668 1374 2753 XX,
1390 2671 1444 2734 11:

458 2781 492 2842 in
512 2781 682 2862 lopislorico
697 2781 744 2846 M.
760 2780 911 2844 Varronis
927 2780 981 2862 qni
995 2779 1174 2844 inscribitur
1188 2775 1291 2841 Colere.
1315 2776 1443 2842 Nonius

459 2888 579 2970 septies
599 2891 631 2951 et
650 2888 774 2952 tricies:
804 2887 904 2952 Varro
924 2885 1000 2952 Cato
1022 2887 1121 2950 uelde
1145 2883 1248 2948 lite-ts
1270 2884 1445 2948 educanda.

459 2991 544 3056 Hinc
559 2993 776 3058 emendandus
792 2991 975 3058 Macrobius
991 2992 1056 3056 Sat.
1070 2990 1129 3069 lll,
1139 2990 1172 3052 6:
1195 2989 1335 3052 marrinit
1352 2987 1445 3052 buius

458 3119 533 3164 arae
555 3105 584 3164 et
604 3098 681 3166 Calo
702 3100 739 3164 de
761 3098 864 3163 liberis
886 3099 1068 3163 adaerandis:
1097 3095 1186 3158 cuius
1211 3093 1285 3156 libri
1311 3115 1443 3176 prorsus

459 3205 607 3270 solitaria
635 3204 799 3269 memoria.
845 3201 1056 3268 Scribendum
1085 3221 1155 3264 esse
1182 3205 1211 3263 et
1239 3199 1339 3265 Varro
1368 3199 1444 3264 Colo

459 3315 495 3376 de
518 3314 537 3377 l.
560 3333 583 3376 e.
608 3310 689 3375 vidit
712 3308 900 3374 Krahnerus
923 3307 962 3372 de
986 3307 1081 3372 Varr.
1105 3306 1203 3390 antiq.
1227 3329 1256 3391 p.
1283 3307 1332 3370 11.

383 3415 425 3480 Il.
461 3417 586 3482 Probus
610 3418 644 3484 in
667 3415 765 3502 Verg.
787 3415 899 3482 Bucol.
923 3412 980 3498 VI,
1004 3414 1044 3478 31
1070 3436 1101 3498 p.
1119 3413 1184 3478 354
1209 3412 1313 3478 Lien:
1343 3413 1443 3480 Varro

458 3525 492 3588 in
512 3524 680 3606 myrsineo
693 3543 782 3608 quem
794 3523 952 3606 irrsorapsit
965 3520 1147 3586 Messalla
1164 3522 1205 3586 de
1222 3521 1443 3586 valetudiue.

366 3629 424 3694 Ill.
460 3629 549 3694 Idem
574 3628 707 3694 ibidem:
738 3629 837 3694 Varro
860 3631 894 3694 in
917 3628 1087 3710 baiewreeo
1105 3629 1159 3709 qui
1176 3627 1357 3693 inscribitur
1372 3627 1442 3690 Tn-

460 3737 541 3802 bero
568 3739 609 3802 de
635 3739 779 3820 criptae
806 3735 975 3800 hamana.
1022 3731 1216 3798 Censorinus
1240 3733 1279 3797 de
1303 3733 1353 3798 die
1376 3737 1443 3798 nat.

460 3867 486 3908 o.
509 3845 544 3908 9:
574 3844 730 3908 Varroni.
745 3890 753 3906 .
768 3843 824 3906 ,in
847 3841 924 3904 libro
946 3839 1001 3920 qai
1022 3842 1146 3902 vocabo
1171 3838 1287 3906 Tubero
1310 3845 1339 3905 et
1359 3843 1443 3905 intas

459 3949 638 4014 inscribitur
660 3951 697 4012 de
718 3948 835 4030 orr'pine
856 3946 1003 4010 tmnuna.

367 4053 423 4120 IV.
460 4053 550 4118 ldem
578 4075 598 4117 a
621 4052 792 4119 Duebnero
822 4073 924 4136 nuper
953 4051 1057 4116 editus
1086 4051 1119 4117 in
1148 4051 1260 4118 diariis
1283 4053 1442 4119 Parisinis

460 4159 587 4226 ‘Reme
610 4160 649 4224 de
671 4159 860 4246 philologio,
883 4159 922 4223 de
944 4158 1127 4223 litterature
1146 4163 1179 4224 et
1197 4159 1364 4225 d'histoire
1387 4183 1441 4226 an·

460 4266 604 4334 eiennes’
629 4265 736 4332 fasc.l
755 4289 785 4349 p.
799 4266 855 4329 23:
885 4265 984 4330 Varro
1008 4266 1043 4328 in
1067 4265 1235 4349 lopiatorieo
1257 4268 1312 4348 qai
1334 4267 1441 4332 inseri-

459 4377 542 4441 ln'tnr
564 4375 677 4440 Curio
704 4375 744 4438 de
767 4375 915 4438 deornm
937 4373 1046 4436 culta.
1094 4373 1295 4458 Augustinus
1320 4373 1358 4436 de
1382 4374 1442 4436 civ.

460 4481 510 4544 dei
533 4481 612 4566 Vll,
635 4482 670 4546 9:
708 4481 807 4546 Varro
830 4483 864 4545 in
886 4501 919 4546 eo
942 4479 1020 4544 libro
1046 4499 1135 4560 quem
1157 4499 1291 4542 mnsam
1313 4477 1352 4542 ab
1374 4479 1444 4544 istis
