3288 5100
277 389 394 436 onaan
413 372 557 436 inano's
577 387 754 435 rulornvn
774 387 851 434 srva
870 385 1120 434 nnnoournvn
1144 383 1249 432 urani.
1286 369 1351 434 509

207 531 343 596 iactum:
367 554 442 596 narn
466 553 552 612 cum,
575 534 612 595 ut
635 535 705 595 tum
727 553 778 596 res
803 533 886 614 erat,
910 529 1111 614 Imaginibus
1129 527 1348 612 Hieronymus

207 660 273 703 non
296 641 407 721 posset
429 659 494 702 non
519 637 605 702 credi
630 659 726 702 unum
751 641 783 700 et
811 636 1048 721 quinquaginta
1074 635 1177 699 libros
1201 634 1352 718 tribuere,

207 744 417 809 fallacissimo
432 744 644 809 fundamento
659 745 765 808 omnis
777 742 1030 827 superstruendae
1044 741 1221 825 disputatio
1236 739 1352 806 fuerat.

208 849 275 915 Soli
294 851 378 916 enim
398 851 515 914 calami
535 851 635 915 errori
649 849 792 916 Thomna
808 848 980 933 phillipps,
998 849 1049 914 cui
1070 844 1220 933 (latalogi
1239 846 1352 912 Hiero-

207 959 353 1041 nymiani
387 957 569 1040 exemplum
607 959 776 1039 occeptum
808 955 1021 1038 referebatur,
1057 955 1149 1019 illum
1182 976 1351 1019 numerum

208 1065 316 1129 deberi
341 1063 451 1147 paullo
479 1068 553 1147 post
579 1063 780 1126 intellectum
804 1063 867 1144 ast,
896 1083 968 1125 cum
992 1061 1133 1146 Augusti
1156 1059 1351 1126 Schleicheri

207 1170 311 1234 nostri
334 1169 490 1234 beneficio
514 1169 731 1254 investigatus
749 1169 784 1232 in
807 1165 1005 1232 bibliotheca
1026 1167 1232 1232 Atrebatenai
1252 1168 1351 1234 codex

207 1275 358 1362 Origenis
381 1299 447 1342 non
469 1275 526 1360 LI,
549 1277 605 1341 sed
628 1274 690 1340 XV
713 1275 814 1340 libros
839 1273 1063 1339 Varronianos
1088 1275 1296 1340 monstravit:
1319 1277 1351 1339 id
1380 1357 1384 1364 ι

207 1380 292 1467 quod
315 1404 382 1447 uon
406 1403 516 1447 sumus
541 1376 683 1446 cunctati
706 1379 836 1463 publice
855 1401 988 1444 narrare
1011 1380 1046 1444 in
1068 1381 1235 1464 prooemio
1259 1381 1351 1446 eoho-

206 1489 310 1553 larum
325 1510 383 1572 per
399 1487 539 1553 hiemem
554 1509 581 1550 a.
595 1487 679 1552 1849
694 1486 728 1550 in
743 1486 804 1551 hac
818 1487 1031 1552 universitate
1045 1485 1351 1572 habitarum[aupra

204 1616 234 1677 p.
240 1594 330 1674 507].
348 1591 461 1657 Fidem
473 1591 671 1658 Schleicheri
684 1613 749 1656 non
764 1597 913 1677 egentem
927 1591 1133 1658 firmamento
1149 1594 1352 1659 confirmavit

205 1689 362 1785 nuperum
395 1698 619 1763 testimonium
647 1697 671 1761 Ι.
699 1697 736 1762 B.
764 1695 889 1781 Pitrae,
921 1698 1042 1764 ordinis
1075 1697 1106 1764 S.
1134 1699 1303 1764 Benedicti
1334 1722 1351 1764 e

206 1806 458 1891 congregatione
482 1803 609 1869 Gallica
632 1803 796 1869 monachi:
825 1805 881 1889 qui
905 1827 1038 1889 prorsus
1061 1805 1196 1890 ignarus
1218 1811 1351 1871 nostrae

205 1911 384 1976 industriae
415 1909 609 1994 Hieronymi
644 1909 766 1976 indices
804 1933 842 1975 ex
878 1910 1087 1978 Atrebatensi
1124 1913 1208 1978 libro
1246 1913 1351 1978 denuo

207 2017 356 2104 vulgavit
383 2017 417 2081 in
447 2015 613 2103 Spieilegii
642 2015 856 2084 Solesmensis
884 2023 975 2084 tomo
1003 2018 1052 2084 ΠΙ
1079 2020 1227 2104 proximo
1266 2042 1351 2086 anno

206 2125 339 2190 Parisiis
363 2123 507 2209 prodito,
531 2147 550 2188 a
573 2146 602 2208 p.
626 2124 705 2208 311,
730 2125 826 2190 simul
850 2126 1058 2192 adnotatione
1082 2126 1223 2211 adiecta,
1247 2149 1263 2192 c
1288 2149 1352 2212 qua

204 2254 263 2297 nos
296 2232 426 2316 quidem
454 2232 489 2296 in
517 2229 694 2296 Germania
721 2232 804 2298 nihil
836 2231 997 2296 discamus
1025 2233 1089 2297 nini
1122 2255 1217 2315 quam
1248 2233 1352 2297 multa

204 2362 269 2404 non
298 2339 470 2404 didicerint
486 2339 552 2422 vqui
581 2338 710 2402 easdem
733 2337 901 2403 nobiscum
928 2337 1057 2402 litteras
1085 2341 1177 2402 trane
1201 2337 1350 2403 Rhenum

204 2449 358 2511 tractant.

293 2549 342 2614 De
362 2550 472 2616 ordine
492 2553 601 2614 autem
619 2549 777 2615 librorum
797 2549 955 2615 Varronis
980 2555 1017 2616 ot
1038 2551 1148 2617 ordine
1168 2557 1351 2638 quaeratur,

205 2679 224 2720 a
251 2656 410 2721 Plinianis
438 2657 546 2721 verbis
579 2657 726 2741 quamvis
759 2657 939 2722 decantatis
969 2658 1158 2723 ordiendum
1186 2664 1236 2724 est
1268 2683 1350 2744 quae

209 2763 341 2827 suntin
364 2762 510 2828 Naturae
533 2762 745 2852 historiarum
774 2763 830 2834 lib,
857 2762 979 2828 XXXV
1004 2765 1024 2843 ξ
1045 2765 1084 2828 11
1111 2761 1350 2849 (paragraphos

208 2867 397 2954 Silligianas
427 2866 619 2955 sequimur):
651 2890 718 2933 non
746 2869 854 2953 qualia
882 2870 998 2955 vulgus
1032 2871 1190 2936 librorum
1220 2871 1351 2936 exhibet

208 2976 248 3040 ab
283 2977 514 3061 interpolatore
543 2975 696 3040 nimirum
725 2975 881 3040 adornata
913 2975 1152 3042 incredibilium
1184 2977 1283 3062 longo
1311 3000 1349 3042 er

207 3085 354 3167 tempore
377 3085 547 3150 turbarum
566 3103 773 3166 errorumque
798 3085 944 3167 parente,
968 3084 1024 3150 sed
1048 3083 1157 3169 qualia
1173 3084 1265 3153 ¹solue
1288 3083 1350 3148 fide

207 3189 322 3276 dignus
345 3189 596 3277 Bambergensis
620 3189 822 3255 aLudovico
842 3189 920 3256 Iano
945 3195 1127 3275 excerptus:
1152 3187 1349 3276 ‘imaginum

206 3319 348 3364 amorem
371 3299 527 3384 flagrasse
552 3297 715 3382 quondam
738 3299 840 3361 testes
864 3301 941 3362 sunt
959 3297 1087 3362 Atticus
1110 3298 1165 3362 ille
1185 3295 1350 3363 Ciceronis

205 3403 290 3468 edito
319 3404 358 3469 de
390 3405 431 3468 iis
459 3404 637 3486 volumine,
670 3402 713 3467 M.
741 3402 847 3469 Varro
878 3403 1115 3489 benignissimo
1143 3405 1274 3470 invento
1303 3404 1350 3468 in·

206 3510 301 3573 sertis
349 3509 550 3576 voluminum
598 3531 728 3574 auorum
774 3508 1022 3575 fecunditatium
1072 3509 1350 3598 septingentorum

206 3615 381 3680 illustrium
409 3614 518 3699 aliquo
546 3615 643 3679 modo
671 3615 884 3700 imaginibus,
915 3637 982 3680 non
1012 3639 1127 3700 passus
1159 3617 1350 3682 intercidere

205 3721 326 3806 figuras
350 3725 407 3787 aut
429 3724 625 3788 vetustatem
648 3721 720 3786 aevi
743 3725 857 3786 contra
880 3721 1029 3786 homines
1052 3723 1172 3787 valere:
1199 3723 1350 3788 inventor
1359 3741 1393 3781 1v

205 3829 348 3892 muneris
382 3827 481 3893 etiam
517 3827 567 3892 dis
599 3827 765 3912 invidiosi,
801 3827 930 3913 quando
967 3828 1248 3895 immortalitatem
1284 3852 1348 3895 non

206 3935 310 3999 solum
338 3933 441 4018 dedit,
468 3956 579 4000 verum
608 3935 706 3999 etiarn
734 3936 770 3999 in
798 3936 903 4000 omnis
931 3941 1035 4002 terras
1064 3937 1167 4020 misit,
1195 3940 1232 4002 ut
1259 3958 1349 4020 prae·

205 4045 311 4106 sentes
335 4063 405 4106 esse
427 4041 547 4126 ubique
570 4041 657 4106 cludi
680 4041 835 4126 possent?
875 4041 914 4107 In
939 4043 1054 4128 quibus
1079 4044 1186 4108 verbis
1209 4044 1350 4128 primum

205 4147 292 4214 haud
320 4149 387 4214 scio
416 4169 458 4214 an
486 4151 561 4232 post
587 4149 740 4214 columine
766 4171 833 4215 non
860 4155 888 4214 ct
914 4150 1023 4233 potius
1052 4149 1231 4215 addendum
1260 4150 1304 4214 sit
1332 4173 1349 4212 1

204 4255 297 4321 libris
317 4255 531 4320 deterioribus
551 4277 648 4339 quam
662 4255 709 4319 M.
728 4261 848 4320 autem
868 4255 968 4321 Varro
987 4255 1201 4320 scribendum:
1221 4257 1349 4341 quando

204 4363 288 4427 libro
322 4361 480 4446 singulari
514 4361 716 4446 simplicique
748 4361 946 4427 enarrationi
979 4362 1080 4426 Attici
1114 4367 1147 4428 et
1173 4363 1348 4428 multitudo

203 4468 403 4533 voluminum
430 4466 707 4542 Varronianorum
736 4471 767 4532 et
797 4467 961 4552 singulare
990 4469 1164 4535 artificium
1198 4472 1344 4553 quaesito
