<?xml version="1.0" encoding="UTF-8"?>
<!DOCTYPE html PUBLIC "-//W3C//DTD XHTML 1.0 Transitional//EN"
    "http://www.w3.org/TR/xhtml1/DTD/xhtml1-transitional.dtd">
<html xmlns="http://www.w3.org/1999/xhtml" xml:lang="en" lang="en">
 <head>
  <title>
</title>
<meta http-equiv="Content-Type" content="text/html;charset=utf-8" />
  <meta name='ocr-system' content='tesseract 3.04.00' />
  <meta name='ocr-capabilities' content='ocr_page ocr_carea ocr_par ocr_line ocrx_word'/>
</head>
<body>
  <div class='ocr_page' id='page_1' title='image "./fridericiritsch09wachgoog_0296.png"; bbox 0 0 3294 5104; ppageno 0'>
   <div class='ocr_carea' id='block_1_1' title="bbox 635 409 1346 477">
    <p class='ocr_par' dir='ltr' id='par_1_1' title="bbox 635 409 1346 477">
     <span class='ocr_line' id='line_1_1' title="bbox 635 409 1346 477; baseline -0.006 -1"><span class='ocrx_word' id='word_1_1' title='bbox 635 430 926 477; x_wconf 76' lang='lat' dir='ltr'>connnnrnmvs·</span> <span class='ocrx_word' id='word_1_2' title='bbox 1283 409 1346 472; x_wconf 78' lang='lat'>271</span> 
     </span>
    </p>
   </div>
   <div class='ocr_carea' id='block_1_2' title="bbox 81 567 1640 1911">
    <p class='ocr_par' dir='ltr' id='par_1_2' title="bbox 81 567 1640 1911">
     <span class='ocr_line' id='line_1_2' title="bbox 81 567 1350 657; baseline -0.006 -19"><span class='ocrx_word' id='word_1_3' title='bbox 81 617 86 624; x_wconf 91' lang='lat'><strong>·</strong></span> <span class='ocrx_word' id='word_1_4' title='bbox 205 573 279 638; x_wconf 91' lang='lat' dir='ltr'>huic</span> <span class='ocrx_word' id='word_1_5' title='bbox 303 571 426 637; x_wconf 81' lang='lat' dir='ltr'>Seneca</span> <span class='ocrx_word' id='word_1_6' title='bbox 444 571 558 638; x_wconf 80' lang='lat' dir='ltr'>Nabur.</span> <span class='ocrx_word' id='word_1_7' title='bbox 578 575 700 657; x_wconf 84' lang='lat' dir='ltr'>quaesb</span> <span class='ocrx_word' id='word_1_8' title='bbox 715 589 760 654; x_wconf 81' lang='lat' dir='ltr'>vl,</span> <span class='ocrx_word' id='word_1_9' title='bbox 774 573 804 656; x_wconf 81' lang='lat'>2,</span> <span class='ocrx_word' id='word_1_10' title='bbox 819 573 849 637; x_wconf 90' lang='grc'>8.</span> <span class='ocrx_word' id='word_1_11' title='bbox 885 571 1069 636; x_wconf 74' lang='lat' dir='ltr'>nonomen</span> <span class='ocrx_word' id='word_1_12' title='bbox 1092 568 1221 652; x_wconf 90' lang='lat' dir='ltr'>quidem</span> <span class='ocrx_word' id='word_1_13' title='bbox 1244 567 1350 651; x_wconf 91' lang='lat' dir='ltr'>ipsum</span> 
     </span>
     <span class='ocr_line' id='line_1_3' title="bbox 209 673 1350 763; baseline -0.006 -18"><span class='ocrx_word' id='word_1_14' title='bbox 209 681 308 744; x_wconf 77' lang='lat' dir='ltr'>etiam</span> <span class='ocrx_word' id='word_1_15' title='bbox 332 678 457 763; x_wconf 85' lang='lat' dir='ltr'>lapides</span> <span class='ocrx_word' id='word_1_16' title='bbox 481 677 611 762; x_wconf 90' lang='lat' dir='ltr'>quidam</span> <span class='ocrx_word' id='word_1_17' title='bbox 634 677 756 742; x_wconf 78' lang='lat' dir='ltr'>Bruttii</span> <span class='ocrx_word' id='word_1_18' title='bbox 780 675 967 745; x_wconf 76' lang='lat' dir='ltr'>firmantia</span> <span class='ocrx_word' id='word_1_19' title='bbox 990 675 1184 740; x_wconf 89' lang='lat' dir='ltr'>Mommseni</span> <span class='ocrx_word' id='word_1_20' title='bbox 1206 673 1231 738; x_wconf 91' lang='lat' dir='ltr'>I.</span> <span class='ocrx_word' id='word_1_21' title='bbox 1254 674 1292 738; x_wconf 85' lang='lat' dir='ltr'>R.</span> <span class='ocrx_word' id='word_1_22' title='bbox 1310 674 1350 738; x_wconf 92' lang='lat' dir='ltr'>N.</span> 
     </span>
     <span class='ocr_line' id='line_1_4' title="bbox 212 779 1350 868; baseline -0.004 -20"><span class='ocrx_word' id='word_1_23' title='bbox 212 785 251 849; x_wconf 84' lang='lat'>15</span> <span class='ocrx_word' id='word_1_24' title='bbox 274 789 308 848; x_wconf 79' lang='lat' dir='ltr'>eb</span> <span class='ocrx_word' id='word_1_25' title='bbox 330 785 387 848; x_wconf 87' lang='lat'>53:</span> <span class='ocrx_word' id='word_1_26' title='bbox 419 807 439 848; x_wconf 86' lang='lat' dir='ltr'>a</span> <span class='ocrx_word' id='word_1_27' title='bbox 469 805 532 868; x_wconf 92' lang='lat' dir='ltr'>quo</span> <span class='ocrx_word' id='word_1_28' title='bbox 562 805 628 848; x_wconf 90' lang='lat' dir='ltr'>non</span> <span class='ocrx_word' id='word_1_29' title='bbox 657 783 766 847; x_wconf 77' lang='lat' dir='ltr'>differt</span> <span class='ocrx_word' id='word_1_30' title='bbox 789 779 1035 848; x_wconf 80' lang='lat' dir='ltr'>VASELLIVS</span> <span class='ocrx_word' id='word_1_31' title='bbox 1065 781 1170 846; x_wconf 85' lang='lat' dir='ltr'>forma</span> <span class='ocrx_word' id='word_1_32' title='bbox 1199 781 1275 845; x_wconf 92' lang='lat' dir='ltr'>ibid.</span> <span class='ocrx_word' id='word_1_33' title='bbox 1302 783 1350 845; x_wconf 91' lang='lat' dir='ltr'>ll.</span> 
     </span>
     <span class='ocr_line' id='line_1_5' title="bbox 209 887 1351 973; baseline -0.004 -18"><span class='ocrx_word' id='word_1_34' title='bbox 209 889 462 955; x_wconf 78' lang='lat' dir='ltr'>‘Declnnralonie&#39;</span> <span class='ocrx_word' id='word_1_35' title='bbox 489 894 599 954; x_wconf 77' lang='lat' dir='ltr'>lamen</span> <span class='ocrx_word' id='word_1_36' title='bbox 622 887 764 973; x_wconf 80' lang='lat' dir='ltr'>Vegellii</span> <span class='ocrx_word' id='word_1_37' title='bbox 793 889 834 953; x_wconf 90' lang='lat' dir='ltr'>ab</span> <span class='ocrx_word' id='word_1_38' title='bbox 856 887 1008 954; x_wconf 85' lang='lat' dir='ltr'>Iuvenale</span> <span class='ocrx_word' id='word_1_39' title='bbox 1031 888 1275 953; x_wconf 81' lang='lat' dir='ltr'>commemorabi</span> <span class='ocrx_word' id='word_1_40' title='bbox 1299 909 1351 952; x_wconf 85' lang='lat' dir='ltr'>ve·</span> 
     </span>
     <span class='ocr_line' id='line_1_6' title="bbox 210 991 1352 1076; baseline -0.004 -16"><span class='ocrx_word' id='word_1_41' title='bbox 210 1019 282 1062; x_wconf 88' lang='lat' dir='ltr'>reor</span> <span class='ocrx_word' id='word_1_42' title='bbox 305 998 448 1060; x_wconf 73' lang='lat' dir='ltr'>utullus</span> <span class='ocrx_word' id='word_1_43' title='bbox 471 997 505 1060; x_wconf 91' lang='lat' dir='ltr'>in</span> <span class='ocrx_word' id='word_1_44' title='bbox 527 995 589 1060; x_wconf 84' lang='lat' dir='ltr'>hac</span> <span class='ocrx_word' id='word_1_45' title='bbox 613 1018 728 1060; x_wconf 83' lang='lat' dir='ltr'>caussa</span> <span class='ocrx_word' id='word_1_46' title='bbox 750 1017 828 1059; x_wconf 85' lang='lat' dir='ltr'>usus</span> <span class='ocrx_word' id='word_1_47' title='bbox 852 995 909 1059; x_wconf 82' lang='lat' dir='ltr'>sil:</span> <span class='ocrx_word' id='word_1_48' title='bbox 933 999 1047 1059; x_wconf 79' lang='lat' dir='ltr'>contre</span> <span class='ocrx_word' id='word_1_49' title='bbox 1069 991 1209 1059; x_wconf 77' lang='lat' dir='ltr'>Senecae</span> <span class='ocrx_word' id='word_1_50' title='bbox 1235 992 1352 1076; x_wconf 79' lang='lat' dir='ltr'>Vogel·</span> 
     </span>
     <span class='ocr_line' id='line_1_7' title="bbox 206 1099 1351 1185; baseline -0.002 -19"><span class='ocrx_word' id='word_1_51' title='bbox 206 1103 286 1166; x_wconf 90' lang='lat' dir='ltr'>lium</span> <span class='ocrx_word' id='word_1_52' title='bbox 305 1107 357 1167; x_wconf 79' lang='lat' dir='ltr'>sab</span> <span class='ocrx_word' id='word_1_53' title='bbox 375 1102 541 1167; x_wconf 90' lang='lat' dir='ltr'>commode</span> <span class='ocrx_word' id='word_1_54' title='bbox 556 1103 619 1167; x_wconf 90' lang='lat' dir='ltr'>huc</span> <span class='ocrx_word' id='word_1_55' title='bbox 633 1102 803 1167; x_wconf 85' lang='lat' dir='ltr'>convenire</span> <span class='ocrx_word' id='word_1_56' title='bbox 817 1123 949 1185; x_wconf 89' lang='lat' dir='ltr'>prorsus</span> <span class='ocrx_word' id='word_1_57' title='bbox 965 1101 1128 1165; x_wconf 79' lang='lat' dir='ltr'>adsentior</span> <span class='ocrx_word' id='word_1_58' title='bbox 1142 1099 1351 1164; x_wconf 87' lang='lat' dir='ltr'>Buechelero.</span> 
     </span>
     <span class='ocr_line' id='line_1_8' title="bbox 208 1207 1402 1291; baseline -0.002 -20"><span class='ocrx_word' id='word_1_59' title='bbox 208 1207 290 1272; x_wconf 77' lang='lat' dir='ltr'>Sunt</span> <span class='ocrx_word' id='word_1_60' title='bbox 308 1213 416 1274; x_wconf 79' lang='lat' dir='ltr'>aulem</span> <span class='ocrx_word' id='word_1_61' title='bbox 436 1207 574 1273; x_wconf 77' lang='lat' dir='ltr'>Senecae</span> <span class='ocrx_word' id='word_1_62' title='bbox 593 1209 694 1273; x_wconf 87' lang='lat' dir='ltr'>verba</span> <span class='ocrx_word' id='word_1_63' title='bbox 712 1207 804 1272; x_wconf 89' lang='lat' dir='ltr'>haec:</span> <span class='ocrx_word' id='word_1_64' title='bbox 827 1209 941 1291; x_wconf 70' lang='lat' dir='ltr'>cyrepzb</span> <span class='ocrx_word' id='word_1_65' title='bbox 960 1207 1114 1290; x_wconf 71' lang='lat' dir='ltr'>Vnpclline</span> <span class='ocrx_word' id='word_1_66' title='bbox 1136 1227 1221 1271; x_wconf 81' lang='lat' dir='ltr'>mens</span> <span class='ocrx_word' id='word_1_67' title='bbox 1243 1207 1277 1270; x_wconf 81' lang='lat' dir='ltr'>in</span> <span class='ocrx_word' id='word_1_68' title='bbox 1295 1207 1350 1271; x_wconf 82' lang='lat' dir='ltr'>illo</span> <span class='ocrx_word' id='word_1_69' title='bbox 1363 1227 1402 1269; x_wconf 77' lang='lat' dir='ltr'>en</span> 
     </span>
     <span class='ocr_line' id='line_1_9' title="bbox 206 1313 1353 1396; baseline -0.003 -16"><span class='ocrx_word' id='word_1_70' title='bbox 206 1315 312 1380; x_wconf 82' lang='lat' dir='ltr'>inclito</span> <span class='ocrx_word' id='word_1_71' title='bbox 334 1316 471 1380; x_wconf 74' lang='lat' dir='ltr'>cannino</span> <span class='ocrx_word' id='word_1_72' title='bbox 495 1314 533 1379; x_wconf 82' lang='lat' dir='ltr'>‘si</span> <span class='ocrx_word' id='word_1_73' title='bbox 555 1316 725 1381; x_wconf 79' lang='lat' dir='ltr'>codendnm</span> <span class='ocrx_word' id='word_1_74' title='bbox 747 1313 805 1380; x_wconf 78' lang='lat' dir='ltr'>cst’</span> <span class='ocrx_word' id='word_1_75' title='bbox 828 1316 931 1396; x_wconf 77' lang='lat' dir='ltr'>inquil</span> <span class='ocrx_word' id='word_1_76' title='bbox 953 1313 1051 1392; x_wconf 59' lang='lat' dir='ltr'>‘milia</span> <span class='ocrx_word' id='word_1_77' title='bbox 1073 1333 1089 1378; x_wconf 84' lang='lat' dir='ltr'>c</span> <span class='ocrx_word' id='word_1_78' title='bbox 1110 1313 1191 1378; x_wconf 84' lang='lat' dir='ltr'>caelo</span> <span class='ocrx_word' id='word_1_79' title='bbox 1214 1314 1353 1377; x_wconf 82' lang='lat' dir='ltr'>occidisse</span> 
     </span>
     <span class='ocr_line' id='line_1_10' title="bbox 207 1377 1640 1510; baseline -0.002 -24"><span class='ocrx_word' id='word_1_80' title='bbox 207 1420 321 1486; x_wconf 71' lang='lat' dir='ltr'>nolim?</span> <span class='ocrx_word' id='word_1_81' title='bbox 368 1421 510 1497; x_wconf 84' lang='lat' dir='ltr'>Quorum</span> <span class='ocrx_word' id='word_1_82' title='bbox 535 1423 678 1484; x_wconf 71' lang='lat' dir='ltr'>extrema</span> <span class='ocrx_word' id='word_1_83' title='bbox 700 1441 715 1486; x_wconf 86' lang='lat' dir='ltr'>c</span> <span class='ocrx_word' id='word_1_84' title='bbox 737 1421 819 1486; x_wconf 62' lang='lat' dir='ltr'>coeli}</span> <span class='ocrx_word' id='word_1_85' title='bbox 840 1421 979 1485; x_wconf 81' lang='lat' dir='ltr'>cecidisse</span> <span class='ocrx_word' id='word_1_86' title='bbox 1000 1419 1094 1484; x_wconf 71' lang='lat' dir='ltr'>nelina</span> <span class='ocrx_word' id='word_1_87' title='bbox 1117 1419 1172 1504; x_wconf 87' lang='lat' dir='ltr'>qui</span> <span class='ocrx_word' id='word_1_88' title='bbox 1196 1419 1236 1483; x_wconf 84' lang='lat' dir='ltr'>ad</span> <span class='ocrx_word' id='word_1_89' title='bbox 1259 1419 1353 1484; x_wconf 85' lang='lat' dir='ltr'>hexa-</span> <span class='ocrx_word' id='word_1_90' title='bbox 1638 1377 1640 1510; x_wconf 69' lang='lat' dir='ltr'>l</span> 
     </span>
     <span class='ocr_line' id='line_1_11' title="bbox 208 1526 1353 1611; baseline -0.002 -20"><span class='ocrx_word' id='word_1_91' title='bbox 208 1527 303 1591; x_wconf 80' lang='lat' dir='ltr'>metri</span> <span class='ocrx_word' id='word_1_92' title='bbox 326 1526 522 1611; x_wconf 90' lang='lat' dir='ltr'>principium</span> <span class='ocrx_word' id='word_1_93' title='bbox 544 1526 681 1610; x_wconf 73' lang='lat' dir='ltr'>referab‚&#39;</span> <span class='ocrx_word' id='word_1_94' title='bbox 696 1549 761 1594; x_wconf 91' lang='lat' dir='ltr'>non</span> <span class='ocrx_word' id='word_1_95' title='bbox 783 1547 877 1611; x_wconf 84' lang='lat' dir='ltr'>posse</span> <span class='ocrx_word' id='word_1_96' title='bbox 901 1548 967 1592; x_wconf 91' lang='lat' dir='ltr'>non</span> <span class='ocrx_word' id='word_1_97' title='bbox 990 1527 1123 1592; x_wconf 88' lang='lat' dir='ltr'>haerere</span> <span class='ocrx_word' id='word_1_98' title='bbox 1146 1527 1180 1591; x_wconf 90' lang='lat' dir='ltr'>in</span> <span class='ocrx_word' id='word_1_99' title='bbox 1204 1527 1251 1591; x_wconf 90' lang='lat' dir='ltr'>eis</span> <span class='ocrx_word' id='word_1_100' title='bbox 1270 1546 1353 1609; x_wconf 90' lang='lat' dir='ltr'>quae</span> 
     </span>
     <span class='ocr_line' id='line_1_12' title="bbox 209 1631 1353 1718; baseline -0.003 -20"><span class='ocrx_word' id='word_1_101' title='bbox 209 1632 405 1717; x_wconf 80' lang='lat' dir='ltr'>praecedunt</span> <span class='ocrx_word' id='word_1_102' title='bbox 436 1655 569 1698; x_wconf 88' lang='lat' dir='ltr'>numero</span> <span class='ocrx_word' id='word_1_103' title='bbox 601 1631 763 1717; x_wconf 80' lang='lat' dir='ltr'>dactylico</span> <span class='ocrx_word' id='word_1_104' title='bbox 796 1637 906 1718; x_wconf 77' lang='lat' dir='ltr'>aperie</span> <span class='ocrx_word' id='word_1_105' title='bbox 940 1633 1150 1718; x_wconf 78' lang='lat' dir='ltr'>refragantia.</span> <span class='ocrx_word' id='word_1_106' title='bbox 1206 1633 1353 1698; x_wconf 85' lang='lat' dir='ltr'>Liberius</span> 
     </span>
     <span class='ocr_line' id='line_1_13' title="bbox 209 1738 1354 1824; baseline -0.002 -20"><span class='ocrx_word' id='word_1_107' title='bbox 209 1741 310 1824; x_wconf 81' lang='lat' dir='ltr'>igilur</span> <span class='ocrx_word' id='word_1_108' title='bbox 337 1744 452 1824; x_wconf 71' lang='lat' dir='ltr'>poetae</span> <span class='ocrx_word' id='word_1_109' title='bbox 482 1740 589 1804; x_wconf 84' lang='lat' dir='ltr'>verbis</span> <span class='ocrx_word' id='word_1_110' title='bbox 618 1738 774 1805; x_wconf 82' lang='lat' dir='ltr'>Senecam</span> <span class='ocrx_word' id='word_1_111' title='bbox 802 1761 896 1804; x_wconf 90' lang='lat' dir='ltr'>usum</span> <span class='ocrx_word' id='word_1_112' title='bbox 924 1739 1023 1803; x_wconf 80' lang='lat' dir='ltr'>belem</span> <span class='ocrx_word' id='word_1_113' title='bbox 1052 1739 1161 1821; x_wconf 76' lang='lat' dir='ltr'>polius</span> <span class='ocrx_word' id='word_1_114' title='bbox 1189 1740 1223 1803; x_wconf 90' lang='lat' dir='ltr'>in</span> <span class='ocrx_word' id='word_1_115' title='bbox 1247 1742 1354 1802; x_wconf 74' lang='lat' dir='ltr'>mente</span> 
     </span>
     <span class='ocr_line' id='line_1_14' title="bbox 209 1845 685 1911; baseline 0 -1"><span class='ocrx_word' id='word_1_116' title='bbox 209 1845 362 1911; x_wconf 89' lang='lat' dir='ltr'>habuisse</span> <span class='ocrx_word' id='word_1_117' title='bbox 386 1847 548 1910; x_wconf 88' lang='lat' dir='ltr'>senarium</span> <span class='ocrx_word' id='word_1_118' title='bbox 572 1845 685 1910; x_wconf 85' lang='lat' dir='ltr'>videri:</span> 
     </span>
    </p>
   </div>
   <div class='ocr_carea' id='block_1_3' title="bbox 368 1987 1203 2072">
    <p class='ocr_par' dir='ltr' id='par_1_3' title="bbox 368 1987 1203 2072">
     <span class='ocr_line' id='line_1_15' title="bbox 368 1987 1203 2072; baseline 0 -20"><span class='ocrx_word' id='word_1_119' title='bbox 368 1987 507 2052; x_wconf 77' lang='lat' dir='ltr'>Simili</span> <span class='ocrx_word' id='word_1_120' title='bbox 529 1989 698 2053; x_wconf 75' lang='lat' dir='ltr'>coderndonm</span> <span class='ocrx_word' id='word_1_121' title='bbox 719 1993 775 2072; x_wconf 82' lang='lat' dir='ltr'>est,</span> <span class='ocrx_word' id='word_1_122' title='bbox 798 1990 938 2054; x_wconf 63' lang='lat' dir='ltr'>cecidisse</span> <span class='ocrx_word' id='word_1_123' title='bbox 959 2011 975 2054; x_wconf 86' lang='lat' dir='ltr'>c</span> <span class='ocrx_word' id='word_1_124' title='bbox 997 1989 1080 2054; x_wconf 82' lang='lat' dir='ltr'>cacld</span> <span class='ocrx_word' id='word_1_125' title='bbox 1100 1989 1203 2053; x_wconf 81' lang='lat' dir='ltr'>nolim.</span> 
     </span>
    </p>
   </div>
   <div class='ocr_carea' id='block_1_4' title="bbox 210 2128 1357 2532">
    <p class='ocr_par' dir='ltr' id='par_1_4' title="bbox 210 2128 1357 2532">
     <span class='ocr_line' id='line_1_16' title="bbox 210 2128 1355 2218; baseline -0.002 -24"><span class='ocrx_word' id='word_1_126' title='bbox 210 2129 362 2195; x_wconf 86' lang='lat' dir='ltr'>Senarios</span> <span class='ocrx_word' id='word_1_127' title='bbox 386 2133 495 2194; x_wconf 76' lang='lat' dir='ltr'>autem</span> <span class='ocrx_word' id='word_1_128' title='bbox 515 2151 588 2194; x_wconf 93' lang='lat' dir='ltr'>cum</span> <span class='ocrx_word' id='word_1_129' title='bbox 607 2129 706 2218; x_wconf 79' lang='lat' dir='ltr'>etiam</span> <span class='ocrx_word' id='word_1_130' title='bbox 726 2129 846 2196; x_wconf 79' lang='lat' dir='ltr'>Donati</span> <span class='ocrx_word' id='word_1_131' title='bbox 866 2132 1042 2196; x_wconf 86' lang='lat' dir='ltr'>versiculos</span> <span class='ocrx_word' id='word_1_132' title='bbox 1061 2131 1249 2214; x_wconf 79' lang='lat' dir='ltr'>habeamus,</span> <span class='ocrx_word' id='word_1_133' title='bbox 1272 2128 1355 2194; x_wconf 90' lang='lat' dir='ltr'>nihil</span> 
     </span>
     <span class='ocr_line' id='line_1_17' title="bbox 211 2233 1354 2323; baseline -0.002 -23"><span class='ocrx_word' id='word_1_134' title='bbox 211 2237 339 2300; x_wconf 72' lang='lat' dir='ltr'>obstare</span> <span class='ocrx_word' id='word_1_135' title='bbox 368 2235 538 2320; x_wconf 89' lang='lat' dir='ltr'>quominus</span> <span class='ocrx_word' id='word_1_136' title='bbox 572 2239 605 2298; x_wconf 79' lang='lat' dir='ltr'>eb</span> <span class='ocrx_word' id='word_1_137' title='bbox 632 2233 732 2299; x_wconf 88' lang='lat' dir='ltr'>unum</span> <span class='ocrx_word' id='word_1_138' title='bbox 762 2237 959 2323; x_wconf 85' lang='lat' dir='ltr'>eundemque</span> <span class='ocrx_word' id='word_1_139' title='bbox 987 2237 1154 2320; x_wconf 80' lang='lat' dir='ltr'>utriusque</span> <span class='ocrx_word' id='word_1_140' title='bbox 1186 2236 1354 2319; x_wconf 75' lang='lat' dir='ltr'>scriptoris</span> 
     </span>
     <span class='ocr_line' id='line_1_18' title="bbox 210 2339 1355 2426; baseline 0.001 -21"><span class='ocrx_word' id='word_1_141' title='bbox 210 2340 397 2426; x_wconf 85' lang='lat' dir='ltr'>Vagellium</span> <span class='ocrx_word' id='word_1_142' title='bbox 422 2341 588 2406; x_wconf 87' lang='lat' dir='ltr'>credamus</span> <span class='ocrx_word' id='word_1_143' title='bbox 608 2343 641 2404; x_wconf 81' lang='lat' dir='ltr'>eb</span> <span class='ocrx_word' id='word_1_144' title='bbox 659 2341 798 2406; x_wconf 81' lang='lat' dir='ltr'>sortasse</span> <span class='ocrx_word' id='word_1_145' title='bbox 818 2343 916 2406; x_wconf 80' lang='lat' dir='ltr'>eliam</span> <span class='ocrx_word' id='word_1_146' title='bbox 932 2343 1094 2406; x_wconf 80' lang='lat' dir='ltr'>‘inclitum</span> <span class='ocrx_word' id='word_1_147' title='bbox 1114 2339 1260 2406; x_wconf 89' lang='lat' dir='ltr'>carmen&#39;</span> <span class='ocrx_word' id='word_1_148' title='bbox 1275 2340 1355 2406; x_wconf 91' lang='lat' dir='ltr'>illud</span> 
     </span>
     <span class='ocr_line' id='line_1_19' title="bbox 210 2445 1357 2532; baseline -0.002 -20"><span class='ocrx_word' id='word_1_149' title='bbox 210 2469 275 2512; x_wconf 90' lang='lat' dir='ltr'>non</span> <span class='ocrx_word' id='word_1_150' title='bbox 303 2447 390 2512; x_wconf 85' lang='lat' dir='ltr'>aliud</span> <span class='ocrx_word' id='word_1_151' title='bbox 419 2469 489 2512; x_wconf 89' lang='lat' dir='ltr'>esse</span> <span class='ocrx_word' id='word_1_152' title='bbox 516 2447 579 2512; x_wconf 85' lang='lat' dir='ltr'>nisi</span> <span class='ocrx_word' id='word_1_153' title='bbox 610 2445 810 2512; x_wconf 74' lang='lat' dir='ltr'>‘Actionem&#39;</span> <span class='ocrx_word' id='word_1_154' title='bbox 839 2448 1047 2532; x_wconf 84' lang='lat' dir='ltr'>suspicemur.</span> <span class='ocrx_word' id='word_1_155' title='bbox 1093 2445 1182 2524; x_wconf 86' lang='lat' dir='ltr'>Quae</span> <span class='ocrx_word' id='word_1_156' title='bbox 1212 2448 1238 2512; x_wconf 90' lang='lat' dir='ltr'>si</span> <span class='ocrx_word' id='word_1_157' title='bbox 1267 2450 1357 2512; x_wconf 79' lang='lat' dir='ltr'>certa</span> 
     </span>
    </p>
   </div>
   <div class='ocr_carea' id='block_1_5' title="bbox 211 2552 1472 3490">
    <p class='ocr_par' dir='ltr' id='par_1_5' title="bbox 211 2552 1354 2638">
     <span class='ocr_line' id='line_1_20' title="bbox 211 2552 1354 2638; baseline 0.001 -22"><span class='ocrx_word' id='word_1_158' title='bbox 211 2575 277 2617; x_wconf 88' lang='lat' dir='ltr'>non</span> <span class='ocrx_word' id='word_1_159' title='bbox 300 2557 388 2637; x_wconf 78' lang='lat' dir='ltr'>sunt,</span> <span class='ocrx_word' id='word_1_160' title='bbox 416 2556 450 2616; x_wconf 78' lang='lat' dir='ltr'>ab</span> <span class='ocrx_word' id='word_1_161' title='bbox 473 2552 556 2616; x_wconf 85' lang='lat' dir='ltr'>veris</span> <span class='ocrx_word' id='word_1_162' title='bbox 587 2553 772 2638; x_wconf 90' lang='lat' dir='ltr'>propinqua</span> <span class='ocrx_word' id='word_1_163' title='bbox 794 2553 907 2618; x_wconf 90' lang='lat' dir='ltr'>haberi</span> <span class='ocrx_word' id='word_1_164' title='bbox 930 2558 1092 2638; x_wconf 73' lang='lat' dir='ltr'>poterunt.</span> <span class='ocrx_word' id='word_1_165' title='bbox 1139 2553 1203 2620; x_wconf 90' lang='lat' dir='ltr'>Sed</span> <span class='ocrx_word' id='word_1_166' title='bbox 1226 2553 1264 2618; x_wconf 94' lang='lat' dir='ltr'>de</span> <span class='ocrx_word' id='word_1_167' title='bbox 1288 2574 1354 2618; x_wconf 89' lang='lat' dir='ltr'>car-</span> 
     </span>
    </p>

    <p class='ocr_par' dir='ltr' id='par_1_6' title="bbox 212 2659 1356 3064">
     <span class='ocr_line' id='line_1_21' title="bbox 213 2659 1356 2744; baseline -0.002 -20"><span class='ocrx_word' id='word_1_168' title='bbox 213 2661 297 2724; x_wconf 86' lang='lat' dir='ltr'>mine</span> <span class='ocrx_word' id='word_1_169' title='bbox 325 2681 528 2744; x_wconf 91' lang='lat' dir='ltr'>quocumque</span> <span class='ocrx_word' id='word_1_170' title='bbox 558 2659 653 2724; x_wconf 88' lang='lat' dir='ltr'>modo</span> <span class='ocrx_word' id='word_1_171' title='bbox 681 2659 889 2744; x_wconf 78' lang='lat' dir='ltr'>iudicabitur,</span> <span class='ocrx_word' id='word_1_172' title='bbox 926 2661 1056 2744; x_wconf 74' lang='lat' dir='ltr'>Vapellii</span> <span class='ocrx_word' id='word_1_173' title='bbox 1085 2661 1214 2744; x_wconf 91' lang='lat' dir='ltr'>quidem</span> <span class='ocrx_word' id='word_1_174' title='bbox 1237 2680 1356 2724; x_wconf 91' lang='lat' dir='ltr'>nomen</span> 
     </span>
     <span class='ocr_line' id='line_1_22' title="bbox 212 2767 1356 2853; baseline -0.002 -21"><span class='ocrx_word' id='word_1_175' title='bbox 212 2768 396 2832; x_wconf 79' lang='lat' dir='ltr'>coniectura</span> <span class='ocrx_word' id='word_1_176' title='bbox 418 2771 581 2850; x_wconf 75' lang='lat' dir='ltr'>repertum</span> <span class='ocrx_word' id='word_1_177' title='bbox 605 2789 676 2832; x_wconf 89' lang='lat' dir='ltr'>esse</span> <span class='ocrx_word' id='word_1_178' title='bbox 698 2767 885 2832; x_wconf 88' lang='lat' dir='ltr'>felicissima</span> <span class='ocrx_word' id='word_1_179' title='bbox 909 2768 1049 2853; x_wconf 86' lang='lat' dir='ltr'>confido,</span> <span class='ocrx_word' id='word_1_180' title='bbox 1072 2789 1267 2852; x_wconf 87' lang='lat' dir='ltr'>quamquam</span> <span class='ocrx_word' id='word_1_181' title='bbox 1291 2787 1356 2830; x_wconf 92' lang='lat' dir='ltr'>non</span> 
     </span>
     <span class='ocr_line' id='line_1_23' title="bbox 213 2871 1356 2960; baseline 0 -24"><span class='ocrx_word' id='word_1_182' title='bbox 213 2874 344 2960; x_wconf 85' lang='lat' dir='ltr'>ignarus</span> <span class='ocrx_word' id='word_1_183' title='bbox 368 2872 410 2938; x_wconf 89' lang='lat' dir='ltr'>ad</span> <span class='ocrx_word' id='word_1_184' title='bbox 434 2873 543 2937; x_wconf 86' lang='lat' dir='ltr'>omnia</span> <span class='ocrx_word' id='word_1_185' title='bbox 566 2871 631 2936; x_wconf 85' lang='lat' dir='ltr'>alia</span> <span class='ocrx_word' id='word_1_186' title='bbox 653 2875 686 2936; x_wconf 82' lang='lat' dir='ltr'>el</span> <span class='ocrx_word' id='word_1_187' title='bbox 708 2871 759 2958; x_wconf 81' lang='lat' dir='ltr'>(ut</span> <span class='ocrx_word' id='word_1_188' title='bbox 782 2871 879 2958; x_wconf 74' lang='lat' dir='ltr'>solet)</span> <span class='ocrx_word' id='word_1_189' title='bbox 904 2873 1010 2940; x_wconf 87' lang='lat' dir='ltr'>aliena</span> <span class='ocrx_word' id='word_1_190' title='bbox 1033 2873 1071 2936; x_wconf 90' lang='lat' dir='ltr'>de</span> <span class='ocrx_word' id='word_1_191' title='bbox 1086 2871 1224 2938; x_wconf 86' lang='lat' dir='ltr'>Senecae</span> <span class='ocrx_word' id='word_1_192' title='bbox 1248 2871 1356 2936; x_wconf 86' lang='lat' dir='ltr'>verbis</span> 
     </span>
     <span class='ocr_line' id='line_1_24' title="bbox 215 2977 1356 3064; baseline -0.003 -21"><span class='ocrx_word' id='word_1_193' title='bbox 215 2977 423 3044; x_wconf 74' lang='lat' dir='ltr'>coniectando</span> <span class='ocrx_word' id='word_1_194' title='bbox 448 2978 582 3044; x_wconf 89' lang='lat' dir='ltr'>eundem</span> <span class='ocrx_word' id='word_1_195' title='bbox 607 2978 700 3042; x_wconf 91' lang='lat' dir='ltr'>illum</span> <span class='ocrx_word' id='word_1_196' title='bbox 723 2977 890 3064; x_wconf 84' lang='lat' dir='ltr'>Vngerum</span> <span class='ocrx_word' id='word_1_197' title='bbox 912 3001 1015 3063; x_wconf 88' lang='lat' dir='ltr'>nuper</span> <span class='ocrx_word' id='word_1_198' title='bbox 1038 2979 1205 3062; x_wconf 89' lang='lat' dir='ltr'>delapsum</span> <span class='ocrx_word' id='word_1_199' title='bbox 1229 2999 1299 3042; x_wconf 88' lang='lat' dir='ltr'>esse</span> <span class='ocrx_word' id='word_1_200' title='bbox 1322 2977 1356 3041; x_wconf 93' lang='lat' dir='ltr'>in</span> 
     </span>
    </p>

    <p class='ocr_par' dir='ltr' id='par_1_7' title="bbox 213 3083 1472 3490">
     <span class='ocr_line' id='line_1_25' title="bbox 213 3083 1357 3166; baseline -0.002 -18"><span class='ocrx_word' id='word_1_201' title='bbox 213 3107 251 3148; x_wconf 90' lang='lat' dir='ltr'>ea</span> <span class='ocrx_word' id='word_1_202' title='bbox 278 3083 551 3148; x_wconf 74' lang='lat' dir='ltr'>commentatione</span> <span class='ocrx_word' id='word_1_203' title='bbox 579 3105 675 3166; x_wconf 85' lang='lat' dir='ltr'>quam</span> <span class='ocrx_word' id='word_1_204' title='bbox 703 3084 741 3148; x_wconf 88' lang='lat' dir='ltr'>de</span> <span class='ocrx_word' id='word_1_205' title='bbox 764 3083 886 3150; x_wconf 87' lang='lat' dir='ltr'>Lucani</span> <span class='ocrx_word' id='word_1_206' title='bbox 910 3084 1054 3151; x_wconf 85' lang='lat' dir='ltr'>Heliaeis</span> <span class='ocrx_word' id='word_1_207' title='bbox 1083 3109 1110 3151; x_wconf 84' lang='lat' dir='ltr'>a</span> <span class='ocrx_word' id='word_1_208' title='bbox 1137 3085 1221 3150; x_wconf 83' lang='lat'>1858</span> <span class='ocrx_word' id='word_1_209' title='bbox 1248 3083 1357 3149; x_wconf 72' lang='lat' dir='ltr'>edidib</span> 
     </span>
     <span class='ocr_line' id='line_1_26' title="bbox 213 3188 1472 3278; baseline -0.001 -24"><span class='ocrx_word' id='word_1_210' title='bbox 213 3189 377 3254; x_wconf 87' lang='lat' dir='ltr'>Nimirum</span> <span class='ocrx_word' id='word_1_211' title='bbox 400 3188 528 3254; x_wconf 84' lang='lat' dir='ltr'>blandis</span> <span class='ocrx_word' id='word_1_212' title='bbox 551 3190 723 3255; x_wconf 82' lang='lat' dir='ltr'>verborum</span> <span class='ocrx_word' id='word_1_213' title='bbox 750 3191 919 3256; x_wconf 86' lang='lat' dir='ltr'>lenociniis</span> <span class='ocrx_word' id='word_1_214' title='bbox 943 3213 1102 3258; x_wconf 88' lang='lat' dir='ltr'>summam</span> <span class='ocrx_word' id='word_1_215' title='bbox 1126 3191 1218 3255; x_wconf 89' lang='lat' dir='ltr'>nobis</span> <span class='ocrx_word' id='word_1_216' title='bbox 1241 3189 1356 3254; x_wconf 80' lang='lat' dir='ltr'>lenite·</span> <span class='ocrx_word' id='word_1_217' title='bbox 1467 3269 1472 3278; x_wconf 32' lang='grc' dir='ltr'>Ι</span> 
     </span>
     <span class='ocr_line' id='line_1_27' title="bbox 213 3295 1357 3382; baseline -0.001 -22"><span class='ocrx_word' id='word_1_218' title='bbox 213 3301 279 3360; x_wconf 78' lang='lat' dir='ltr'>bem</span> <span class='ocrx_word' id='word_1_219' title='bbox 307 3295 385 3360; x_wconf 78' lang='lat' dir='ltr'>belis</span> <span class='ocrx_word' id='word_1_220' title='bbox 412 3295 662 3380; x_wconf 79' lang='lat' dir='ltr'>permulalionis</span> <span class='ocrx_word' id='word_1_221' title='bbox 689 3296 871 3363; x_wconf 71' lang='lat' dir='ltr'>litterarum</span> <span class='ocrx_word' id='word_1_222' title='bbox 898 3297 1092 3382; x_wconf 87' lang='lat' dir='ltr'>persuadere</span> <span class='ocrx_word' id='word_1_223' title='bbox 1122 3296 1317 3380; x_wconf 74' lang='lat' dir='ltr'>studetque</span> <span class='ocrx_word' id='word_1_224' title='bbox 1340 3316 1357 3358; x_wconf 91' lang='lat' dir='ltr'>e</span> 
     </span>
     <span class='ocr_line' id='line_1_28' title="bbox 213 3403 861 3490; baseline 0.003 -23"><span class='ocrx_word' id='word_1_225' title='bbox 213 3403 363 3486; x_wconf 70' lang='lat' dir='ltr'>roepellius</span> <span class='ocrx_word' id='word_1_226' title='bbox 386 3403 444 3467; x_wconf 79' lang='lat' dir='ltr'>fieb</span> <span class='ocrx_word' id='word_1_227' title='bbox 465 3421 538 3490; x_wconf 71' lang='lat' dir='ltr'>acero</span> <span class='ocrx_word' id='word_1_228' title='bbox 561 3422 701 3467; x_wconf 77' lang='lat' dir='ltr'>annaeus</span> <span class='ocrx_word' id='word_1_229' title='bbox 724 3403 861 3469; x_wconf 80' lang='lat' dir='ltr'>lucanus.</span> 
     </span>
    </p>
   </div>
   <div class='ocr_carea' id='block_1_6' title="bbox 212 3542 1360 4586">
    <p class='ocr_par' dir='ltr' id='par_1_8' title="bbox 212 3542 1360 4586">
     <span class='ocr_line' id='line_1_29' title="bbox 304 3542 1358 3626; baseline -0.002 -17"><span class='ocrx_word' id='word_1_230' title='bbox 304 3543 380 3626; x_wconf 78' lang='lat' dir='ltr'>Peg.</span> <span class='ocrx_word' id='word_1_231' title='bbox 403 3543 459 3608; x_wconf 81' lang='lat'>214</span> <span class='ocrx_word' id='word_1_232' title='bbox 481 3559 631 3609; x_wconf 80' lang='lat' dir='ltr'>versuum</span> <span class='ocrx_word' id='word_1_233' title='bbox 653 3542 734 3608; x_wconf 83' lang='lat' dir='ltr'>e-8</span> <span class='ocrx_word' id='word_1_234' title='bbox 756 3545 845 3608; x_wconf 71' lang='lat' dir='ltr'>haee</span> <span class='ocrx_word' id='word_1_235' title='bbox 858 3551 909 3609; x_wconf 79' lang='lat' dir='ltr'>est</span> <span class='ocrx_word' id='word_1_236' title='bbox 930 3545 966 3609; x_wconf 92' lang='lat' dir='ltr'>in</span> <span class='ocrx_word' id='word_1_237' title='bbox 989 3549 1096 3610; x_wconf 75' lang='lat' dir='ltr'>vetere</span> <span class='ocrx_word' id='word_1_238' title='bbox 1119 3543 1265 3608; x_wconf 87' lang='lat' dir='ltr'>Parisino</span> <span class='ocrx_word' id='word_1_239' title='bbox 1288 3563 1358 3626; x_wconf 79' lang='lat' dir='ltr'>spe</span> 
     </span>
     <span class='ocr_line' id='line_1_30' title="bbox 215 3648 1357 3742; baseline -0.004 -26"><span class='ocrx_word' id='word_1_240' title='bbox 215 3651 291 3718; x_wconf 87' lang='lat' dir='ltr'>cies:</span> <span class='ocrx_word' id='word_1_241' title='bbox 314 3651 371 3715; x_wconf 80' lang='lat' dir='ltr'>hae</span> <span class='ocrx_word' id='word_1_242' title='bbox 392 3671 470 3732; x_wconf 73' lang='lat' dir='ltr'>qnae</span> <span class='ocrx_word' id='word_1_243' title='bbox 491 3653 642 3742; x_wconf 70' lang='lat' dir='ltr'>necantur</span> <span class='ocrx_word' id='word_1_244' title='bbox 662 3648 788 3730; x_wconf 83' lang='lat' dir='ltr'>sabnloe</span> <span class='ocrx_word' id='word_1_245' title='bbox 809 3651 896 3714; x_wconf 82' lang='lat' dir='ltr'>oniae</span> <span class='ocrx_word' id='word_1_246' title='bbox 916 3657 997 3716; x_wconf 78' lang='lat' dir='ltr'>sunl.</span> <span class='ocrx_word' id='word_1_247' title='bbox 1042 3673 1106 3716; x_wconf 89' lang='lat' dir='ltr'>non</span> <span class='ocrx_word' id='word_1_248' title='bbox 1127 3651 1185 3714; x_wconf 77' lang='lat' dir='ltr'>nas</span> <span class='ocrx_word' id='word_1_249' title='bbox 1206 3649 1261 3730; x_wconf 77' lang='lat' dir='ltr'>qni</span> <span class='ocrx_word' id='word_1_250' title='bbox 1283 3649 1357 3712; x_wconf 80' lang='lat' dir='ltr'>iuro</span> 
     </span>
     <span class='ocr_line' id='line_1_31' title="bbox 212 3737 1358 3841; baseline -0.005 -18"><span class='ocrx_word' id='word_1_251' title='bbox 212 3757 338 3841; x_wconf 77' lang='lat' dir='ltr'>populis</span> <span class='ocrx_word' id='word_1_252' title='bbox 364 3757 528 3822; x_wconf 77' lang='lat' dir='ltr'>nolentibus</span> <span class='ocrx_word' id='word_1_253' title='bbox 560 3755 655 3821; x_wconf 78' lang='lat' dir='ltr'>dabat</span> <span class='ocrx_word' id='word_1_254' title='bbox 679 3737 799 3821; x_wconf 82' lang='lat' dir='ltr'>snmmd</span> <span class='ocrx_word' id='word_1_255' title='bbox 828 3757 940 3822; x_wconf 81' lang='lat' dir='ltr'>bonore</span> <span class='ocrx_word' id='word_1_256' title='bbox 969 3757 1097 3838; x_wconf 80' lang='lat' dir='ltr'>affectus</span> <span class='ocrx_word' id='word_1_257' title='bbox 1124 3757 1196 3837; x_wconf 75' lang='lat' dir='ltr'>scell</span> <span class='ocrx_word' id='word_1_258' title='bbox 1225 3753 1358 3834; x_wconf 67' lang='lat' dir='ltr'>sebeniae.</span> 
     </span>
     <span class='ocr_line' id='line_1_32' title="bbox 215 3860 1360 3950; baseline -0.004 -21"><span class='ocrx_word' id='word_1_259' title='bbox 215 3863 284 3930; x_wconf 91' lang='lat' dir='ltr'>Nec</span> <span class='ocrx_word' id='word_1_260' title='bbox 306 3863 443 3928; x_wconf 81' lang='lat' dir='ltr'>multum</span> <span class='ocrx_word' id='word_1_261' title='bbox 470 3863 567 3927; x_wconf 79' lang='lat' dir='ltr'>celeri</span> <span class='ocrx_word' id='word_1_262' title='bbox 591 3863 666 3927; x_wconf 89' lang='lat' dir='ltr'>libri</span> <span class='ocrx_word' id='word_1_263' title='bbox 690 3862 891 3948; x_wconf 79' lang='lat' dir='ltr'>discrepant,</span> <span class='ocrx_word' id='word_1_264' title='bbox 920 3864 984 3929; x_wconf 90' lang='lat' dir='ltr'>nisi</span> <span class='ocrx_word' id='word_1_265' title='bbox 1008 3863 1093 3950; x_wconf 90' lang='lat' dir='ltr'>quod</span> <span class='ocrx_word' id='word_1_266' title='bbox 1116 3885 1175 3947; x_wconf 89' lang='lat' dir='ltr'>pro</span> <span class='ocrx_word' id='word_1_267' title='bbox 1197 3860 1360 3926; x_wconf 74' lang='lat' dir='ltr'>nolentibus</span> 
     </span>
     <span class='ocr_line' id='line_1_33' title="bbox 216 3967 1359 4055; baseline -0.003 -21"><span class='ocrx_word' id='word_1_268' title='bbox 216 3971 251 4034; x_wconf 94' lang='lat' dir='ltr'>in</span> <span class='ocrx_word' id='word_1_269' title='bbox 269 3970 431 4055; x_wconf 88' lang='lat' dir='ltr'>plerisque</span> <span class='ocrx_word' id='word_1_270' title='bbox 451 3970 670 4034; x_wconf 71' lang='lat' dir='ltr'>recensentibus</span> <span class='ocrx_word' id='word_1_271' title='bbox 688 3973 804 4054; x_wconf 76' lang='lat' dir='ltr'>exstat,</span> <span class='ocrx_word' id='word_1_272' title='bbox 825 3971 1045 4038; x_wconf 71' lang='lat' dir='ltr'>remotionibus</span> <span class='ocrx_word' id='word_1_273' title='bbox 1063 3993 1102 4035; x_wconf 84' lang='lat' dir='ltr'>ex</span> <span class='ocrx_word' id='word_1_274' title='bbox 1116 3969 1200 4035; x_wconf 79' lang='lat' dir='ltr'>Italo</span> <span class='ocrx_word' id='word_1_275' title='bbox 1220 3967 1359 4052; x_wconf 87' lang='lat' dir='ltr'>quodam</span> 
     </span>
     <span class='ocr_line' id='line_1_34' title="bbox 217 4071 1359 4158; baseline -0.006 -17"><span class='ocrx_word' id='word_1_276' title='bbox 217 4075 326 4141; x_wconf 88' lang='lat' dir='ltr'>codice</span> <span class='ocrx_word' id='word_1_277' title='bbox 349 4073 603 4140; x_wconf 77' lang='lat' dir='ltr'>‘‚vetuslissimo&#39;</span> <span class='ocrx_word' id='word_1_278' title='bbox 628 4075 761 4141; x_wconf 82' lang='lat' dir='ltr'>efferbur</span> <span class='ocrx_word' id='word_1_279' title='bbox 784 4099 803 4140; x_wconf 86' lang='lat' dir='ltr'>a</span> <span class='ocrx_word' id='word_1_280' title='bbox 826 4076 964 4144; x_wconf 84' lang='lat' dir='ltr'>Barlhio</span> <span class='ocrx_word' id='word_1_281' title='bbox 987 4078 1159 4143; x_wconf 87' lang='lat' dir='ltr'>Adversar.</span> <span class='ocrx_word' id='word_1_282' title='bbox 1173 4093 1218 4158; x_wconf 80' lang='lat' dir='ltr'>vr,</span> <span class='ocrx_word' id='word_1_283' title='bbox 1232 4074 1284 4138; x_wconf 78' lang='lat'>26.</span> <span class='ocrx_word' id='word_1_284' title='bbox 1321 4071 1359 4134; x_wconf 90' lang='lat' dir='ltr'>ln</span> 
     </span>
     <span class='ocr_line' id='line_1_35' title="bbox 216 4179 1360 4268; baseline -0.005 -22"><span class='ocrx_word' id='word_1_285' title='bbox 216 4181 268 4246; x_wconf 87' lang='lat' dir='ltr'>his</span> <span class='ocrx_word' id='word_1_286' title='bbox 292 4183 401 4246; x_wconf 82' lang='lat' dir='ltr'>nubem</span> <span class='ocrx_word' id='word_1_287' title='bbox 424 4179 631 4264; x_wconf 81' lang='lat' dir='ltr'>expediendis</span> <span class='ocrx_word' id='word_1_288' title='bbox 655 4181 718 4247; x_wconf 86' lang='lat' dir='ltr'>dici</span> <span class='ocrx_word' id='word_1_289' title='bbox 741 4183 854 4268; x_wconf 74' lang='lat' dir='ltr'>nequit</span> <span class='ocrx_word' id='word_1_290' title='bbox 876 4189 1032 4268; x_wconf 75' lang='lat' dir='ltr'>quantum</span> <span class='ocrx_word' id='word_1_291' title='bbox 1052 4206 1087 4248; x_wconf 89' lang='lat' dir='ltr'>se</span> <span class='ocrx_word' id='word_1_292' title='bbox 1105 4183 1204 4265; x_wconf 84' lang='lat' dir='ltr'>longo</span> <span class='ocrx_word' id='word_1_293' title='bbox 1224 4201 1262 4243; x_wconf 84' lang='lat' dir='ltr'>ex</span> <span class='ocrx_word' id='word_1_294' title='bbox 1280 4182 1360 4242; x_wconf 82' lang='lat' dir='ltr'>bem·</span> 
     </span>
     <span class='ocr_line' id='line_1_36' title="bbox 216 4283 1360 4374; baseline -0.003 -22"><span class='ocrx_word' id='word_1_295' title='bbox 216 4309 295 4371; x_wconf 93' lang='lat' dir='ltr'>pore</span> <span class='ocrx_word' id='word_1_296' title='bbox 318 4285 405 4352; x_wconf 75' lang='lat' dir='ltr'>docti</span> <span class='ocrx_word' id='word_1_297' title='bbox 428 4286 575 4350; x_wconf 84' lang='lat' dir='ltr'>homines</span> <span class='ocrx_word' id='word_1_298' title='bbox 598 4287 764 4352; x_wconf 83' lang='lat' dir='ltr'>borserinb:</span> <span class='ocrx_word' id='word_1_299' title='bbox 787 4288 945 4374; x_wconf 90' lang='lat' dir='ltr'>Iosephus</span> <span class='ocrx_word' id='word_1_300' title='bbox 969 4287 1113 4373; x_wconf 82' lang='lat' dir='ltr'>Scaliger</span> <span class='ocrx_word' id='word_1_301' title='bbox 1132 4283 1303 4352; x_wconf 85' lang='lat' dir='ltr'>Animadv.</span> <span class='ocrx_word' id='word_1_302' title='bbox 1326 4284 1360 4348; x_wconf 91' lang='lat' dir='ltr'>in</span> 
     </span>
     <span class='ocr_line' id='line_1_37' title="bbox 217 4391 1359 4480; baseline -0.004 -22"><span class='ocrx_word' id='word_1_303' title='bbox 217 4392 352 4458; x_wconf 81' lang='lat' dir='ltr'>Eusebii</span> <span class='ocrx_word' id='word_1_304' title='bbox 376 4391 529 4459; x_wconf 80' lang='lat' dir='ltr'>chronol.</span> <span class='ocrx_word' id='word_1_305' title='bbox 553 4415 585 4476; x_wconf 90' lang='lat' dir='ltr'>p.</span> <span class='ocrx_word' id='word_1_306' title='bbox 606 4393 669 4456; x_wconf 85' lang='lat'>144</span> <span class='ocrx_word' id='word_1_307' title='bbox 693 4393 740 4458; x_wconf 88' lang='lat' dir='ltr'>ed.</span> <span class='ocrx_word' id='word_1_308' title='bbox 764 4396 829 4479; x_wconf 78' lang='lat' dir='ltr'>alb,</span> <span class='ocrx_word' id='word_1_309' title='bbox 851 4395 948 4462; x_wconf 88' lang='lat' dir='ltr'>Ianus</span> <span class='ocrx_word' id='word_1_310' title='bbox 971 4394 1165 4480; x_wconf 80' lang='lat' dir='ltr'>Rutgersius</span> <span class='ocrx_word' id='word_1_311' title='bbox 1188 4391 1265 4456; x_wconf 89' lang='lat' dir='ltr'>Var.</span> <span class='ocrx_word' id='word_1_312' title='bbox 1288 4391 1359 4454; x_wconf 79' lang='lat' dir='ltr'>leot.</span> 
     </span>
     <span class='ocr_line' id='line_1_38' title="bbox 218 4495 1359 4586; baseline 0.001 -24"><span class='ocrx_word' id='word_1_313' title='bbox 218 4518 239 4586; x_wconf 86' lang='lat'>1,</span> <span class='ocrx_word' id='word_1_314' title='bbox 264 4501 293 4585; x_wconf 79' lang='lat'>7,</span> <span class='ocrx_word' id='word_1_315' title='bbox 324 4501 394 4583; x_wconf 93' lang='lat' dir='ltr'>ipse</span> <span class='ocrx_word' id='word_1_316' title='bbox 418 4499 573 4566; x_wconf 80' lang='lat' dir='ltr'>Barlhius</span> <span class='ocrx_word' id='word_1_317' title='bbox 596 4498 617 4562; x_wconf 92' lang='lat' dir='ltr'>l.</span> <span class='ocrx_word' id='word_1_318' title='bbox 641 4520 665 4564; x_wconf 92' lang='lat' dir='ltr'>s.</span> <span class='ocrx_word' id='word_1_319' title='bbox 690 4521 729 4583; x_wconf 85' lang='lat' dir='ltr'>s.,</span> <span class='ocrx_word' id='word_1_320' title='bbox 760 4507 874 4568; x_wconf 80' lang='lat' dir='ltr'>nostra</span> <span class='ocrx_word' id='word_1_321' title='bbox 901 4505 1010 4568; x_wconf 79' lang='lat' dir='ltr'>aulem</span> <span class='ocrx_word' id='word_1_322' title='bbox 1038 4500 1196 4566; x_wconf 86' lang='lat' dir='ltr'>memoria</span> <span class='ocrx_word' id='word_1_323' title='bbox 1223 4495 1359 4563; x_wconf 78' lang='lat' dir='ltr'>Carolus</span> 
     </span>
    </p>
   </div>
   <div class='ocr_carea' id='block_1_7' title="bbox 0 0 1664 5104">
    <p class='ocr_par' dir='ltr' id='par_1_9' title="bbox 0 0 1664 5104">
     <span class='ocr_line' id='line_1_39' title="bbox 0 0 1664 5104; baseline 0 0"><span class='ocrx_word' id='word_1_324' title='bbox 0 0 1664 5104; x_wconf 95' lang='lat' dir='ltr'> </span> 
     </span>
    </p>
   </div>
  </div>
 </body>
</html>
