<?xml version="1.0" encoding="UTF-8"?>
<!DOCTYPE html PUBLIC "-//W3C//DTD XHTML 1.0 Transitional//EN"
    "http://www.w3.org/TR/xhtml1/DTD/xhtml1-transitional.dtd">
<html xmlns="http://www.w3.org/1999/xhtml" xml:lang="en" lang="en">
 <head>
  <title>
</title>
<meta http-equiv="Content-Type" content="text/html;charset=utf-8" />
  <meta name='ocr-system' content='tesseract 3.04.00' />
  <meta name='ocr-capabilities' content='ocr_page ocr_carea ocr_par ocr_line ocrx_word'/>
</head>
<body>
  <div class='ocr_page' id='page_1' title='image "./fridericiritsch09wachgoog_0291.png"; bbox 0 0 3294 5104; ppageno 0'>
   <div class='ocr_carea' id='block_1_1' title="bbox 295 357 1046 445">
    <p class='ocr_par' dir='ltr' id='par_1_1' title="bbox 295 357 1046 445">
     <span class='ocr_line' id='line_1_1' title="bbox 295 357 1046 445; baseline 0.009 -25"><span class='ocrx_word' id='word_1_1' title='bbox 295 357 359 422; x_wconf 91' lang='grc'>266</span> <span class='ocrx_word' id='word_1_2' title='bbox 682 379 720 426; x_wconf 81' lang='lat' dir='ltr'>ru</span> <span class='ocrx_word' id='word_1_3' title='bbox 742 378 1046 445; x_wconf 78' lang='lat' dir='ltr'>v1rrurnunur11</span> 
     </span>
    </p>
   </div>
   <div class='ocr_carea' id='block_1_2' title="bbox 223 519 1439 4121">
    <p class='ocr_par' dir='ltr' id='par_1_2' title="bbox 294 519 1438 1352">
     <span class='ocr_line' id='line_1_2' title="bbox 383 519 1436 609; baseline 0.005 -24"><span class='ocrx_word' id='word_1_4' title='bbox 383 519 489 586; x_wconf 89' lang='lat' dir='ltr'>Versu</span> <span class='ocrx_word' id='word_1_5' title='bbox 519 521 553 587; x_wconf 87' lang='grc'>10</span> <span class='ocrx_word' id='word_1_6' title='bbox 586 522 672 606; x_wconf 92' lang='lat' dir='ltr'>quod</span> <span class='ocrx_word' id='word_1_7' title='bbox 703 523 805 588; x_wconf 81' lang='lat' dir='ltr'>uerbis</span> <span class='ocrx_word' id='word_1_8' title='bbox 837 519 980 608; x_wconf 81' lang='lat' dir='ltr'><strong>Scaliger</strong></span> <span class='ocrx_word' id='word_1_9' title='bbox 1012 523 1185 608; x_wconf 86' lang='lat' dir='ltr'>expetebat</span> <span class='ocrx_word' id='word_1_10' title='bbox 1215 547 1274 608; x_wconf 90' lang='lat' dir='ltr'>pro</span> <span class='ocrx_word' id='word_1_11' title='bbox 1306 525 1436 609; x_wconf 71' lang='lat' dir='ltr'>seraptis,</span> 
     </span>
     <span class='ocr_line' id='line_1_3' title="bbox 295 627 1436 714; baseline 0.003 -21"><span class='ocrx_word' id='word_1_12' title='bbox 295 628 445 713; x_wconf 73' lang='lat' dir='ltr'>opinatae</span> <span class='ocrx_word' id='word_1_13' title='bbox 474 629 655 714; x_wconf 82' lang='lat' dir='ltr'>elegantiae</span> <span class='ocrx_word' id='word_1_14' title='bbox 682 627 792 698; x_wconf 87' lang='lat' dir='ltr'>fallaci</span> <span class='ocrx_word' id='word_1_15' title='bbox 820 630 927 713; x_wconf 89' lang='lat' dir='ltr'>specle</span> <span class='ocrx_word' id='word_1_16' title='bbox 953 629 1106 714; x_wconf 89' lang='lat' dir='ltr'>deceptus</span> <span class='ocrx_word' id='word_1_17' title='bbox 1134 635 1192 696; x_wconf 89' lang='lat' dir='ltr'>est</span> <span class='ocrx_word' id='word_1_18' title='bbox 1239 630 1326 696; x_wconf 84' lang='lat' dir='ltr'>Satis</span> <span class='ocrx_word' id='word_1_19' title='bbox 1357 635 1436 698; x_wconf 90' lang='lat' dir='ltr'>nota</span> 
     </span>
     <span class='ocr_line' id='line_1_4' title="bbox 294 733 1436 822; baseline 0.004 -24"><span class='ocrx_word' id='word_1_20' title='bbox 294 739 370 799; x_wconf 90' lang='lat' dir='ltr'>sunt</span> <span class='ocrx_word' id='word_1_21' title='bbox 392 736 477 820; x_wconf 91' lang='lat' dir='ltr'>apud</span> <span class='ocrx_word' id='word_1_22' title='bbox 500 735 673 801; x_wconf 78' lang='lat' dir='ltr'><strong>Horatium</strong></span> <span class='ocrx_word' id='word_1_23' title='bbox 696 735 801 800; x_wconf 67' lang='lat' dir='ltr'>omre</span> <span class='ocrx_word' id='word_1_24' title='bbox 822 737 937 818; x_wconf 73' lang='lat' dir='ltr'>sorpto</span> <span class='ocrx_word' id='word_1_25' title='bbox 960 733 1059 801; x_wconf 83' lang='lat' dir='ltr'>Serm.</span> <span class='ocrx_word' id='word_1_26' title='bbox 1082 737 1236 822; x_wconf 82' lang='lat'>1,10,56,</span> <span class='ocrx_word' id='word_1_27' title='bbox 1258 739 1367 821; x_wconf 70' lang='lat' dir='ltr'>spissas</span> <span class='ocrx_word' id='word_1_28' title='bbox 1389 739 1436 802; x_wconf 73' lang='lat' dir='ltr'>ire</span> 
     </span>
     <span class='ocr_line' id='line_1_5' title="bbox 294 840 1437 932; baseline 0.001 -26"><span class='ocrx_word' id='word_1_29' title='bbox 294 843 390 926; x_wconf 72' lang='lat' dir='ltr'>dipna</span> <span class='ocrx_word' id='word_1_30' title='bbox 413 842 541 932; x_wconf 67' lang='lat' dir='ltr'>theatris</span> <span class='ocrx_word' id='word_1_31' title='bbox 562 844 678 926; x_wconf 75' lang='lat' dir='ltr'>sarept:</span> <span class='ocrx_word' id='word_1_32' title='bbox 699 840 804 926; x_wconf 80' lang='lat' dir='ltr'>Epist.</span> <span class='ocrx_word' id='word_1_33' title='bbox 828 861 850 926; x_wconf 92' lang='lat'>1,</span> <span class='ocrx_word' id='word_1_34' title='bbox 867 842 917 926; x_wconf 87' lang='lat'>19,</span> <span class='ocrx_word' id='word_1_35' title='bbox 931 844 985 927; x_wconf 88' lang='grc'>42,</span> <span class='ocrx_word' id='word_1_36' title='bbox 1008 842 1197 909; x_wconf 82' lang='lat' dir='ltr'>Graecorum</span> <span class='ocrx_word' id='word_1_37' title='bbox 1219 845 1437 926; x_wconf 65' lang='lat' dir='ltr'>antaqtereeinro</span> 
     </span>
     <span class='ocr_line' id='line_1_6' title="bbox 294 946 1437 1034; baseline 0 -20"><span class='ocrx_word' id='word_1_38' title='bbox 294 949 410 1032; x_wconf 70' lang='lat' dir='ltr'>sarapta</span> <span class='ocrx_word' id='word_1_39' title='bbox 436 967 475 1032; x_wconf 91' lang='lat'>11,</span> <span class='ocrx_word' id='word_1_40' title='bbox 502 951 533 1032; x_wconf 89' lang='lat'>1,</span> <span class='ocrx_word' id='word_1_41' title='bbox 558 949 613 1032; x_wconf 90' lang='grc'>21,</span> <span class='ocrx_word' id='word_1_42' title='bbox 645 969 713 1013; x_wconf 88' lang='lat' dir='ltr'>mea</span> <span class='ocrx_word' id='word_1_43' title='bbox 739 949 856 1032; x_wconf 73' lang='lat' dir='ltr'>compta</span> <span class='ocrx_word' id='word_1_44' title='bbox 883 946 983 1014; x_wconf 82' lang='lat' dir='ltr'>Scrm.</span> <span class='ocrx_word' id='word_1_45' title='bbox 1006 967 1034 1034; x_wconf 90' lang='lat'>1,</span> <span class='ocrx_word' id='word_1_46' title='bbox 1056 949 1092 1033; x_wconf 87' lang='grc'>4,</span> <span class='ocrx_word' id='word_1_47' title='bbox 1114 949 1172 1014; x_wconf 79' lang='lat'>23:</span> <span class='ocrx_word' id='word_1_48' title='bbox 1205 953 1242 1014; x_wconf 93' lang='lat' dir='ltr'>ut</span> <span class='ocrx_word' id='word_1_49' title='bbox 1264 951 1298 1014; x_wconf 91' lang='lat' dir='ltr'>in</span> <span class='ocrx_word' id='word_1_50' title='bbox 1321 953 1437 1034; x_wconf 87' lang='lat' dir='ltr'>poetae</span> 
     </span>
     <span class='ocr_line' id='line_1_7' title="bbox 296 1055 1436 1141; baseline -0.001 -21"><span class='ocrx_word' id='word_1_51' title='bbox 296 1055 494 1120; x_wconf 88' lang='lat' dir='ltr'>testimoniis</span> <span class='ocrx_word' id='word_1_52' title='bbox 522 1077 572 1120; x_wconf 90' lang='lat' dir='ltr'>me</span> <span class='ocrx_word' id='word_1_53' title='bbox 600 1055 784 1120; x_wconf 77' lang='lat' dir='ltr'>contineam</span> <span class='ocrx_word' id='word_1_54' title='bbox 812 1055 853 1120; x_wconf 91' lang='lat' dir='ltr'>ad</span> <span class='ocrx_word' id='word_1_55' title='bbox 881 1059 994 1139; x_wconf 89' lang='lat' dir='ltr'>poetas</span> <span class='ocrx_word' id='word_1_56' title='bbox 1018 1057 1249 1141; x_wconf 74' lang='lat' dir='ltr'>spectantibus,</span> <span class='ocrx_word' id='word_1_57' title='bbox 1294 1055 1343 1120; x_wconf 92' lang='lat' dir='ltr'>Dc</span> <span class='ocrx_word' id='word_1_58' title='bbox 1365 1057 1436 1139; x_wconf 92' lang='lat' dir='ltr'>ipso</span> 
     </span>
     <span class='ocr_line' id='line_1_8' title="bbox 295 1160 1438 1247; baseline 0 -21"><span class='ocrx_word' id='word_1_59' title='bbox 295 1165 402 1227; x_wconf 89' lang='lat' dir='ltr'>autem</span> <span class='ocrx_word' id='word_1_60' title='bbox 426 1161 665 1228; x_wconf 81' lang='lat' dir='ltr'>Terentinum:</span> <span class='ocrx_word' id='word_1_61' title='bbox 689 1160 862 1228; x_wconf 82' lang='lat' dir='ltr'>Suetonius</span> <span class='ocrx_word' id='word_1_62' title='bbox 885 1165 1013 1227; x_wconf 88' lang='lat' dir='ltr'>tantum</span> <span class='ocrx_word' id='word_1_63' title='bbox 1038 1185 1135 1247; x_wconf 90' lang='lat' dir='ltr'>supra</span> <span class='ocrx_word' id='word_1_64' title='bbox 1159 1186 1188 1247; x_wconf 92' lang='lat' dir='ltr'>p.</span> <span class='ocrx_word' id='word_1_65' title='bbox 1213 1163 1287 1244; x_wconf 82' lang='lat'>208,</span> <span class='ocrx_word' id='word_1_66' title='bbox 1312 1163 1329 1226; x_wconf 83' lang='lat' dir='ltr'>l</span> <span class='ocrx_word' id='word_1_67' title='bbox 1355 1160 1438 1228; x_wconf 79' lang='lat' dir='ltr'>‘non</span> 
     </span>
     <span class='ocr_line' id='line_1_9' title="bbox 295 1266 1436 1352; baseline -0.002 -18"><span class='ocrx_word' id='word_1_68' title='bbox 295 1269 431 1335; x_wconf 89' lang='lat' dir='ltr'>obscura</span> <span class='ocrx_word' id='word_1_69' title='bbox 457 1267 546 1334; x_wconf 83' lang='lat' dir='ltr'>fama</span> <span class='ocrx_word' id='word_1_70' title='bbox 573 1273 623 1334; x_wconf 87' lang='lat' dir='ltr'>est</span> <span class='ocrx_word' id='word_1_71' title='bbox 651 1268 797 1334; x_wconf 90' lang='lat' dir='ltr'>adiutum</span> <span class='ocrx_word' id='word_1_72' title='bbox 824 1271 860 1333; x_wconf 81' lang='lat' dir='ltr'>iu</span> <span class='ocrx_word' id='word_1_73' title='bbox 881 1269 1004 1350; x_wconf 72' lang='lat' dir='ltr'>comptis</span> <span class='ocrx_word' id='word_1_74' title='bbox 1032 1293 1051 1334; x_wconf 89' lang='lat' dir='ltr'>a</span> <span class='ocrx_word' id='word_1_75' title='bbox 1074 1267 1184 1335; x_wconf 88' lang='lat' dir='ltr'>Laelio</span> <span class='ocrx_word' id='word_1_76' title='bbox 1208 1272 1240 1334; x_wconf 90' lang='lat' dir='ltr'>et</span> <span class='ocrx_word' id='word_1_77' title='bbox 1263 1266 1436 1352; x_wconf 86' lang='lat' dir='ltr'>Scipionc&#39;,</span> 
     </span>
    </p>

    <p class='ocr_par' dir='ltr' id='par_1_3' title="bbox 223 1373 1438 2080">
     <span class='ocr_line' id='line_1_10' title="bbox 223 1373 1437 1460; baseline -0.002 -18"><span class='ocrx_word' id='word_1_78' title='bbox 223 1427 232 1442; x_wconf 94' lang='lat'>.</span> <span class='ocrx_word' id='word_1_79' title='bbox 294 1377 373 1442; x_wconf 90' lang='lat' dir='ltr'>item</span> <span class='ocrx_word' id='word_1_80' title='bbox 392 1399 422 1460; x_wconf 89' lang='lat' dir='ltr'>p.</span> <span class='ocrx_word' id='word_1_81' title='bbox 437 1375 547 1460; x_wconf 83' lang='lat'>211‚5</span> <span class='ocrx_word' id='word_1_82' title='bbox 567 1375 688 1441; x_wconf 78' lang='lat' dir='ltr'>‘mores</span> <span class='ocrx_word' id='word_1_83' title='bbox 708 1397 789 1460; x_wconf 91' lang='lat' dir='ltr'>quos</span> <span class='ocrx_word' id='word_1_84' title='bbox 808 1397 873 1440; x_wconf 91' lang='lat' dir='ltr'>non</span> <span class='ocrx_word' id='word_1_85' title='bbox 891 1375 1023 1459; x_wconf 86' lang='lat' dir='ltr'>perinde</span> <span class='ocrx_word' id='word_1_86' title='bbox 1042 1375 1235 1458; x_wconf 84' lang='lat' dir='ltr'>exprimeret</span> <span class='ocrx_word' id='word_1_87' title='bbox 1248 1375 1282 1439; x_wconf 88' lang='lat' dir='ltr'>in</span> <span class='ocrx_word' id='word_1_88' title='bbox 1295 1373 1437 1456; x_wconf 65' lang='lat' dir='ltr'>emplis’,</span> 
     </span>
     <span class='ocr_line' id='line_1_11' title="bbox 294 1480 1437 1567; baseline -0.003 -19"><span class='ocrx_word' id='word_1_89' title='bbox 294 1484 350 1548; x_wconf 92' lang='lat' dir='ltr'>sed</span> <span class='ocrx_word' id='word_1_90' title='bbox 374 1483 611 1561; x_wconf 81' lang='lat' dir='ltr'>Quinctilianus</span> <span class='ocrx_word' id='word_1_91' title='bbox 635 1505 762 1567; x_wconf 91' lang='lat' dir='ltr'>quoque</span> <span class='ocrx_word' id='word_1_92' title='bbox 786 1501 823 1567; x_wconf 86' lang='lat' dir='ltr'>x,</span> <span class='ocrx_word' id='word_1_93' title='bbox 848 1483 877 1566; x_wconf 90' lang='lat'>1,</span> <span class='ocrx_word' id='word_1_94' title='bbox 900 1483 942 1546; x_wconf 88' lang='grc'>99</span> <span class='ocrx_word' id='word_1_95' title='bbox 972 1481 1065 1546; x_wconf 80' lang='lat' dir='ltr'>‘licet</span> <span class='ocrx_word' id='word_1_96' title='bbox 1087 1480 1230 1546; x_wconf 85' lang='lat' dir='ltr'>Terentii</span> <span class='ocrx_word' id='word_1_97' title='bbox 1258 1483 1373 1564; x_wconf 72' lang='lat' dir='ltr'>comptu</span> <span class='ocrx_word' id='word_1_98' title='bbox 1396 1482 1437 1545; x_wconf 84' lang='lat' dir='ltr'>ed</span> 
     </span>
     <span class='ocr_line' id='line_1_12' title="bbox 295 1587 1438 1674; baseline -0.002 -20"><span class='ocrx_word' id='word_1_99' title='bbox 295 1589 477 1674; x_wconf 81' lang='lat' dir='ltr'>Scipionem</span> <span class='ocrx_word' id='word_1_100' title='bbox 504 1588 692 1655; x_wconf 77' lang='lat' dir='ltr'>Africanum</span> <span class='ocrx_word' id='word_1_101' title='bbox 720 1587 926 1653; x_wconf 87' lang='lat' dir='ltr'>referantur’.</span> <span class='ocrx_word' id='word_1_102' title='bbox 973 1588 1175 1673; x_wconf 80' lang='lat' dir='ltr'>Quamquam</span> <span class='ocrx_word' id='word_1_103' title='bbox 1208 1590 1288 1655; x_wconf 89' lang='lat' dir='ltr'>alibi</span> <span class='ocrx_word' id='word_1_104' title='bbox 1321 1589 1438 1653; x_wconf 89' lang='lat' dir='ltr'>accidit</span> 
     </span>
     <span class='ocr_line' id='line_1_13' title="bbox 294 1695 1438 1780; baseline 0 -20"><span class='ocrx_word' id='word_1_105' title='bbox 294 1718 371 1761; x_wconf 86' lang='lat' dir='ltr'>sane</span> <span class='ocrx_word' id='word_1_106' title='bbox 395 1699 431 1762; x_wconf 91' lang='lat' dir='ltr'>ut</span> <span class='ocrx_word' id='word_1_107' title='bbox 454 1695 487 1760; x_wconf 89' lang='lat' dir='ltr'>in</span> <span class='ocrx_word' id='word_1_108' title='bbox 509 1697 625 1778; x_wconf 71' lang='lat' dir='ltr'>sarepta</span> <span class='ocrx_word' id='word_1_109' title='bbox 647 1699 850 1760; x_wconf 87' lang='lat' dir='ltr'>verterentur</span> <span class='ocrx_word' id='word_1_110' title='bbox 874 1717 955 1780; x_wconf 85' lang='lat' dir='ltr'>quae</span> <span class='ocrx_word' id='word_1_111' title='bbox 980 1699 1078 1779; x_wconf 89' lang='lat' dir='ltr'>poeta</span> <span class='ocrx_word' id='word_1_112' title='bbox 1105 1695 1199 1762; x_wconf 65' lang='lat' dir='ltr'>amba</span> <span class='ocrx_word' id='word_1_113' title='bbox 1225 1696 1373 1780; x_wconf 82' lang='lat' dir='ltr'>dixisset,</span> <span class='ocrx_word' id='word_1_114' title='bbox 1401 1699 1438 1760; x_wconf 94' lang='lat' dir='ltr'>ut</span> 
     </span>
     <span class='ocr_line' id='line_1_14' title="bbox 294 1801 1437 1887; baseline -0.001 -20"><span class='ocrx_word' id='word_1_115' title='bbox 294 1804 327 1867; x_wconf 90' lang='lat' dir='ltr'>in</span> <span class='ocrx_word' id='word_1_116' title='bbox 351 1802 459 1868; x_wconf 83' lang='lat' dir='ltr'>Ovidii</span> <span class='ocrx_word' id='word_1_117' title='bbox 483 1803 575 1887; x_wconf 84' lang='lat' dir='ltr'>epist</span> <span class='ocrx_word' id='word_1_118' title='bbox 598 1823 637 1866; x_wconf 84' lang='lat' dir='ltr'>ex</span> <span class='ocrx_word' id='word_1_119' title='bbox 660 1802 765 1867; x_wconf 91' lang='lat' dir='ltr'>Ponto</span> <span class='ocrx_word' id='word_1_120' title='bbox 788 1820 810 1885; x_wconf 93' lang='lat'>1,</span> <span class='ocrx_word' id='word_1_121' title='bbox 824 1801 854 1886; x_wconf 85' lang='lat'>5,</span> <span class='ocrx_word' id='word_1_122' title='bbox 869 1803 898 1868; x_wconf 79' lang='lat'>2.</span> <span class='ocrx_word' id='word_1_123' title='bbox 918 1840 961 1850; x_wconf 98' lang='lat'><em>-</em></span> <span class='ocrx_word' id='word_1_124' title='bbox 984 1801 1023 1867; x_wconf 89' lang='lat' dir='ltr'>ln</span> <span class='ocrx_word' id='word_1_125' title='bbox 1046 1803 1134 1868; x_wconf 86' lang='lat' dir='ltr'>exitu</span> <span class='ocrx_word' id='word_1_126' title='bbox 1157 1825 1269 1868; x_wconf 89' lang='lat' dir='ltr'>versus</span> <span class='ocrx_word' id='word_1_127' title='bbox 1292 1801 1437 1869; x_wconf 90' lang='lat' dir='ltr'>notabile</span> 
     </span>
     <span class='ocr_line' id='line_1_15' title="bbox 295 1908 1437 1993; baseline -0.002 -19"><span class='ocrx_word' id='word_1_128' title='bbox 295 1913 346 1974; x_wconf 88' lang='lat' dir='ltr'>cst</span> <span class='ocrx_word' id='word_1_129' title='bbox 373 1931 483 1974; x_wconf 85' lang='lat' dir='ltr'>veram</span> <span class='ocrx_word' id='word_1_130' title='bbox 510 1909 803 1992; x_wconf 80' lang='lat' dir='ltr'>interpunctionem</span> <span class='ocrx_word' id='word_1_131' title='bbox 833 1931 852 1973; x_wconf 91' lang='lat' dir='ltr'>a</span> <span class='ocrx_word' id='word_1_132' title='bbox 875 1908 1024 1976; x_wconf 90' lang='lat' dir='ltr'>Bentlcio</span> <span class='ocrx_word' id='word_1_133' title='bbox 1047 1909 1230 1993; x_wconf 87' lang='lat' dir='ltr'>Wolfioque</span> <span class='ocrx_word' id='word_1_134' title='bbox 1253 1909 1437 1974; x_wconf 86' lang='lat' dir='ltr'>restitutam</span> 
     </span>
     <span class='ocr_line' id='line_1_16' title="bbox 295 2013 923 2080; baseline 0 0"><span class='ocrx_word' id='word_1_135' title='bbox 295 2020 436 2080; x_wconf 86' lang='lat' dir='ltr'>veterem</span> <span class='ocrx_word' id='word_1_136' title='bbox 460 2014 540 2080; x_wconf 90' lang='lat' dir='ltr'>adeo</span> <span class='ocrx_word' id='word_1_137' title='bbox 563 2013 745 2080; x_wconf 87' lang='lat' dir='ltr'>Parisinum</span> <span class='ocrx_word' id='word_1_138' title='bbox 770 2035 923 2080; x_wconf 89' lang='lat' dir='ltr'>servasse.</span> 
     </span>
    </p>

    <p class='ocr_par' dir='ltr' id='par_1_4' title="bbox 294 2121 1439 3162">
     <span class='ocr_line' id='line_1_17' title="bbox 382 2121 1438 2206; baseline 0 -20"><span class='ocrx_word' id='word_1_139' title='bbox 382 2121 488 2186; x_wconf 88' lang='lat' dir='ltr'>Versu</span> <span class='ocrx_word' id='word_1_140' title='bbox 511 2121 545 2186; x_wconf 89' lang='grc'>12</span> <span class='ocrx_word' id='word_1_141' title='bbox 572 2141 666 2203; x_wconf 77' lang='lat' dir='ltr'>acque</span> <span class='ocrx_word' id='word_1_142' title='bbox 688 2121 745 2186; x_wconf 82' lang='lat' dir='ltr'>boc</span> <span class='ocrx_word' id='word_1_143' title='bbox 766 2121 901 2202; x_wconf 73' lang='lat' dir='ltr'>despecta</span> <span class='ocrx_word' id='word_1_144' title='bbox 928 2142 964 2187; x_wconf 82' lang='lat' dir='ltr'>ec</span> <span class='ocrx_word' id='word_1_145' title='bbox 980 2129 1073 2206; x_wconf 82' lang='lat' dir='ltr'>porto</span> <span class='ocrx_word' id='word_1_146' title='bbox 1100 2124 1211 2188; x_wconf 78' lang='lat' dir='ltr'>iaceres</span> <span class='ocrx_word' id='word_1_147' title='bbox 1237 2122 1323 2187; x_wconf 90' lang='lat' dir='ltr'>idem</span> <span class='ocrx_word' id='word_1_148' title='bbox 1350 2122 1438 2188; x_wconf 89' lang='lat' dir='ltr'>Peri-</span> 
     </span>
     <span class='ocr_line' id='line_1_18' title="bbox 294 2217 1437 2313; baseline -0.002 -18"><span class='ocrx_word' id='word_1_149' title='bbox 294 2231 396 2296; x_wconf 89' lang='lat' dir='ltr'>sinus:</span> <span class='ocrx_word' id='word_1_150' title='bbox 420 2229 476 2294; x_wconf 90' lang='lat' dir='ltr'>ubi</span> <span class='ocrx_word' id='word_1_151' title='bbox 498 2248 536 2294; x_wconf 77' lang='lat' dir='ltr'>aa</span> <span class='ocrx_word' id='word_1_152' title='bbox 553 2250 573 2292; x_wconf 89' lang='lat' dir='ltr'>a</span> <span class='ocrx_word' id='word_1_153' title='bbox 590 2227 726 2292; x_wconf 84' lang='lat' dir='ltr'>noviciis</span> <span class='ocrx_word' id='word_1_154' title='bbox 745 2227 838 2292; x_wconf 88' lang='lat' dir='ltr'>libris</span> <span class='ocrx_word' id='word_1_155' title='bbox 857 2228 1020 2313; x_wconf 90' lang='lat' dir='ltr'>plerisque</span> <span class='ocrx_word' id='word_1_156' title='bbox 1039 2230 1141 2313; x_wconf 88' lang='lat' dir='ltr'>abest,</span> <span class='ocrx_word' id='word_1_157' title='bbox 1164 2217 1437 2295; x_wconf 52' lang='lat' dir='ltr'>scetere-autem</span> 
     </span>
     <span class='ocr_line' id='line_1_19' title="bbox 295 2321 1439 2421; baseline -0.003 -19"><span class='ocrx_word' id='word_1_158' title='bbox 295 2341 473 2402; x_wconf 88' lang='lat' dir='ltr'>correctore</span> <span class='ocrx_word' id='word_1_159' title='bbox 497 2334 568 2419; x_wconf 91' lang='lat' dir='ltr'>illo,</span> <span class='ocrx_word' id='word_1_160' title='bbox 599 2335 689 2399; x_wconf 90' lang='lat' dir='ltr'>cuius</span> <span class='ocrx_word' id='word_1_161' title='bbox 712 2335 853 2418; x_wconf 83' lang='lat' dir='ltr'>vestigia</span> <span class='ocrx_word' id='word_1_162' title='bbox 876 2333 975 2400; x_wconf 84' lang='lat' dir='ltr'>codex</span> <span class='ocrx_word' id='word_1_163' title='bbox 998 2333 1142 2400; x_wconf 87' lang='lat' dir='ltr'>Vrbinaa</span> <span class='ocrx_word' id='word_1_164' title='bbox 1168 2338 1288 2421; x_wconf 88' lang='lat' dir='ltr'>servat,</span> <span class='ocrx_word' id='word_1_165' title='bbox 1319 2321 1365 2400; x_wconf 81' lang='lat' dir='ltr'>sic</span> <span class='ocrx_word' id='word_1_166' title='bbox 1388 2339 1439 2400; x_wconf 90' lang='lat' dir='ltr'>est</span> 
     </span>
     <span class='ocr_line' id='line_1_20' title="bbox 295 2439 1437 2527; baseline -0.003 -18"><span class='ocrx_word' id='word_1_167' title='bbox 295 2447 471 2509; x_wconf 89' lang='lat' dir='ltr'>mutatum:</span> <span class='ocrx_word' id='word_1_168' title='bbox 493 2463 588 2524; x_wconf 74' lang='lat' dir='ltr'>:coque</span> <span class='ocrx_word' id='word_1_169' title='bbox 610 2442 646 2506; x_wconf 78' lang='lat' dir='ltr'>iu</span> <span class='ocrx_word' id='word_1_170' title='bbox 667 2439 725 2505; x_wconf 78' lang='lat' dir='ltr'>bac</span> <span class='ocrx_word' id='word_1_171' title='bbox 747 2441 899 2522; x_wconf 50' lang='lat' dir='ltr'>despect&amp;</span> <span class='ocrx_word' id='word_1_172' title='bbox 915 2445 1007 2523; x_wconf 83' lang='lat' dir='ltr'>parte</span> <span class='ocrx_word' id='word_1_173' title='bbox 1029 2443 1149 2506; x_wconf 70' lang='lat' dir='ltr'>iecerat</span> <span class='ocrx_word' id='word_1_174' title='bbox 1181 2441 1243 2505; x_wconf 84' lang='lat' dir='ltr'>Est</span> <span class='ocrx_word' id='word_1_175' title='bbox 1265 2442 1345 2506; x_wconf 92' lang='lat' dir='ltr'>illud</span> <span class='ocrx_word' id='word_1_176' title='bbox 1368 2443 1437 2527; x_wconf 91' lang='lat' dir='ltr'>qui·</span> 
     </span>
     <span class='ocr_line' id='line_1_21' title="bbox 294 2546 1437 2633; baseline -0.003 -19"><span class='ocrx_word' id='word_1_177' title='bbox 294 2549 381 2633; x_wconf 89' lang='lat' dir='ltr'>dem,</span> <span class='ocrx_word' id='word_1_178' title='bbox 412 2569 506 2631; x_wconf 79' lang='lat' dir='ltr'>ueqrre</span> <span class='ocrx_word' id='word_1_179' title='bbox 533 2549 568 2612; x_wconf 80' lang='lat' dir='ltr'>in</span> <span class='ocrx_word' id='word_1_180' title='bbox 594 2546 665 2631; x_wconf 78' lang='lat' dir='ltr'>leae,</span> <span class='ocrx_word' id='word_1_181' title='bbox 697 2551 826 2631; x_wconf 88' lang='lat' dir='ltr'>praeter</span> <span class='ocrx_word' id='word_1_182' title='bbox 852 2547 1026 2631; x_wconf 66' lang='lat' dir='ltr'>rationem,</span> <span class='ocrx_word' id='word_1_183' title='bbox 1059 2569 1122 2632; x_wconf 91' lang='lat' dir='ltr'>qua</span> <span class='ocrx_word' id='word_1_184' title='bbox 1148 2568 1223 2611; x_wconf 77' lang='lat' dir='ltr'>acue</span> <span class='ocrx_word' id='word_1_185' title='bbox 1249 2547 1307 2612; x_wconf 80' lang='lat' dir='ltr'>bae</span> <span class='ocrx_word' id='word_1_186' title='bbox 1328 2547 1437 2632; x_wconf 91' lang='lat' dir='ltr'>potius</span> 
     </span>
     <span class='ocr_line' id='line_1_22' title="bbox 294 2653 1438 2723; baseline -0.004 0"><span class='ocrx_word' id='word_1_187' title='bbox 294 2655 511 2723; x_wconf 89' lang='lat' dir='ltr'>&#39;commendari</span> <span class='ocrx_word' id='word_1_188' title='bbox 534 2653 673 2720; x_wconf 85' lang='lat' dir='ltr'>Rothius</span> <span class='ocrx_word' id='word_1_189' title='bbox 696 2653 870 2718; x_wconf 85' lang='lat' dir='ltr'>intellexit:</span> <span class='ocrx_word' id='word_1_190' title='bbox 902 2677 1028 2719; x_wconf 88' lang='lat' dir='ltr'>summa</span> <span class='ocrx_word' id='word_1_191' title='bbox 1051 2657 1158 2719; x_wconf 89' lang='lat' dir='ltr'>autem</span> <span class='ocrx_word' id='word_1_192' title='bbox 1182 2677 1255 2720; x_wconf 91' lang='lat' dir='ltr'>cum</span> <span class='ocrx_word' id='word_1_193' title='bbox 1279 2654 1438 2718; x_wconf 87' lang='lat' dir='ltr'>evidentia</span> 
     </span>
     <span class='ocr_line' id='line_1_23' title="bbox 294 2759 1437 2845; baseline -0.003 -19"><span class='ocrx_word' id='word_1_194' title='bbox 294 2761 443 2826; x_wconf 82' lang='lat' dir='ltr'>veritatis</span> <span class='ocrx_word' id='word_1_195' title='bbox 461 2761 613 2844; x_wconf 46' lang='lat' dir='ltr'>&amp;pactu</span> <span class='ocrx_word' id='word_1_196' title='bbox 631 2783 690 2845; x_wconf 91' lang='lat' dir='ltr'>pro</span> <span class='ocrx_word' id='word_1_197' title='bbox 708 2761 844 2844; x_wconf 77' lang='lat' dir='ltr'>despecta</span> <span class='ocrx_word' id='word_1_198' title='bbox 857 2781 902 2840; x_wconf 72' lang='lat' dir='ltr'>cco,</span> <span class='ocrx_word' id='word_1_199' title='bbox 925 2760 1014 2825; x_wconf 90' lang='lat' dir='ltr'>cuius</span> <span class='ocrx_word' id='word_1_200' title='bbox 1028 2761 1207 2845; x_wconf 87' lang='lat' dir='ltr'>scripturae</span> <span class='ocrx_word' id='word_1_201' title='bbox 1222 2759 1437 2824; x_wconf 88' lang='lat' dir='ltr'>defendendae</span> 
     </span>
     <span class='ocr_line' id='line_1_24' title="bbox 295 2865 1437 2952; baseline -0.003 -19"><span class='ocrx_word' id='word_1_202' title='bbox 295 2869 348 2933; x_wconf 87' lang='lat' dir='ltr'>via</span> <span class='ocrx_word' id='word_1_203' title='bbox 370 2869 464 2933; x_wconf 89' lang='lat' dir='ltr'>nulla</span> <span class='ocrx_word' id='word_1_204' title='bbox 485 2871 585 2952; x_wconf 88' lang='lat' dir='ltr'>patet.</span> <span class='ocrx_word' id='word_1_205' title='bbox 626 2867 780 2943; x_wconf 82' lang='lat' dir='ltr'>Quamvis</span> <span class='ocrx_word' id='word_1_206' title='bbox 803 2867 889 2931; x_wconf 90' lang='lat' dir='ltr'>enim</span> <span class='ocrx_word' id='word_1_207' title='bbox 909 2865 997 2930; x_wconf 83' lang='lat' dir='ltr'>facili</span> <span class='ocrx_word' id='word_1_208' title='bbox 1021 2866 1267 2948; x_wconf 87' lang='lat' dir='ltr'>constructione,</span> <span class='ocrx_word' id='word_1_209' title='bbox 1291 2866 1318 2929; x_wconf 89' lang='lat' dir='ltr'>si</span> <span class='ocrx_word' id='word_1_210' title='bbox 1342 2865 1437 2930; x_wconf 88' lang='lat' dir='ltr'>modo</span> 
     </span>
     <span class='ocr_line' id='line_1_25' title="bbox 295 2971 1436 3060; baseline -0.004 -21"><span class='ocrx_word' id='word_1_211' title='bbox 295 2977 406 3039; x_wconf 82' lang='lat' dir='ltr'>iaceret</span> <span class='ocrx_word' id='word_1_212' title='bbox 428 2973 603 3056; x_wconf 88' lang='lat' dir='ltr'>recipiatur</span> <span class='ocrx_word' id='word_1_213' title='bbox 625 2993 664 3036; x_wconf 85' lang='lat' dir='ltr'>ex</span> <span class='ocrx_word' id='word_1_214' title='bbox 688 2973 828 3038; x_wconf 88' lang='lat' dir='ltr'>editione</span> <span class='ocrx_word' id='word_1_215' title='bbox 851 2971 1005 3056; x_wconf 86' lang='lat' dir='ltr'>principe,</span> <span class='ocrx_word' id='word_1_216' title='bbox 1028 2971 1248 3055; x_wconf 77' lang='lat' dir='ltr'>superioribus</span> <span class='ocrx_word' id='word_1_217' title='bbox 1266 2971 1345 3036; x_wconf 90' lang='lat' dir='ltr'>haee</span> <span class='ocrx_word' id='word_1_218' title='bbox 1364 2993 1436 3060; x_wconf 82' lang='lat' dir='ltr'>cou-</span> 
     </span>
     <span class='ocr_line' id='line_1_26' title="bbox 295 3078 1437 3162; baseline -0.003 -17"><span class='ocrx_word' id='word_1_219' title='bbox 295 3081 475 3145; x_wconf 88' lang='lat' dir='ltr'>tinucntur:</span> <span class='ocrx_word' id='word_1_220' title='bbox 498 3099 573 3144; x_wconf 75' lang='lat' dir='ltr'>aare</span> <span class='ocrx_word' id='word_1_221' title='bbox 594 3079 651 3144; x_wconf 78' lang='lat' dir='ltr'>tac</span> <span class='ocrx_word' id='word_1_222' title='bbox 673 3080 808 3162; x_wconf 69' lang='lat' dir='ltr'>desqrecta</span> <span class='ocrx_word' id='word_1_223' title='bbox 829 3099 867 3143; x_wconf 79' lang='lat' dir='ltr'>ex</span> <span class='ocrx_word' id='word_1_224' title='bbox 882 3083 975 3160; x_wconf 73' lang='lat' dir='ltr'>paru</span> <span class='ocrx_word' id='word_1_225' title='bbox 994 3079 1111 3154; x_wconf 82' lang='lat' dir='ltr'>iaceret,</span> <span class='ocrx_word' id='word_1_226' title='bbox 1133 3081 1242 3143; x_wconf 88' lang='lat' dir='ltr'>temen</span> <span class='ocrx_word' id='word_1_227' title='bbox 1261 3079 1335 3162; x_wconf 85' lang='lat' dir='ltr'>ipse</span> <span class='ocrx_word' id='word_1_228' title='bbox 1353 3078 1437 3142; x_wconf 88' lang='lat' dir='ltr'>ratio</span> 
     </span>
    </p>

    <p class='ocr_par' dir='ltr' id='par_1_5' title="bbox 243 3183 1436 3489">
     <span class='ocr_line' id='line_1_27' title="bbox 243 3183 1436 3270; baseline -0.006 -17"><span class='ocrx_word' id='word_1_229' title='bbox 243 3212 283 3253; x_wconf 80' lang='lat' dir='ltr'>aar</span> <span class='ocrx_word' id='word_1_230' title='bbox 298 3185 477 3252; x_wconf 86' lang='lat' dir='ltr'>sententiae</span> <span class='ocrx_word' id='word_1_231' title='bbox 501 3186 620 3251; x_wconf 91' lang='lat' dir='ltr'>obstat.</span> <span class='ocrx_word' id='word_1_232' title='bbox 666 3185 791 3270; x_wconf 79' lang='lat' dir='ltr'>Quippe</span> <span class='ocrx_word' id='word_1_233' title='bbox 814 3183 898 3248; x_wconf 92' lang='lat' dir='ltr'>nihil</span> <span class='ocrx_word' id='word_1_234' title='bbox 922 3184 1110 3249; x_wconf 84' lang='lat' dir='ltr'>offensionis</span> <span class='ocrx_word' id='word_1_235' title='bbox 1133 3188 1232 3268; x_wconf 88' lang='lat' dir='ltr'>esset,</span> <span class='ocrx_word' id='word_1_236' title='bbox 1259 3185 1287 3250; x_wconf 91' lang='lat' dir='ltr'>si</span> <span class='ocrx_word' id='word_1_237' title='bbox 1310 3206 1436 3268; x_wconf 86' lang='lat' dir='ltr'>praece·</span> 
     </span>
     <span class='ocr_line' id='line_1_28' title="bbox 294 3289 1436 3376; baseline -0.004 -18"><span class='ocrx_word' id='word_1_238' title='bbox 294 3294 385 3359; x_wconf 90' lang='lat' dir='ltr'>deret</span> <span class='ocrx_word' id='word_1_239' title='bbox 402 3293 516 3358; x_wconf 81' lang='lat' dir='ltr'>comica</span> <span class='ocrx_word' id='word_1_240' title='bbox 528 3293 630 3376; x_wconf 78' lang='lat' dir='ltr'>poecis</span> <span class='ocrx_word' id='word_1_241' title='bbox 647 3291 699 3355; x_wconf 83' lang='lat' dir='ltr'>vel</span> <span class='ocrx_word' id='word_1_242' title='bbox 718 3289 875 3354; x_wconf 89' lang='lat' dir='ltr'>eiusmodi</span> <span class='ocrx_word' id='word_1_243' title='bbox 895 3289 1059 3375; x_wconf 84' lang='lat' dir='ltr'>quiddam:</span> <span class='ocrx_word' id='word_1_244' title='bbox 1082 3290 1242 3356; x_wconf 88' lang='lat' dir='ltr'>absonum</span> <span class='ocrx_word' id='word_1_245' title='bbox 1260 3296 1311 3357; x_wconf 88' lang='lat' dir='ltr'>est</span> <span class='ocrx_word' id='word_1_246' title='bbox 1330 3295 1436 3356; x_wconf 89' lang='lat' dir='ltr'>autam</span> 
     </span>
     <span class='ocr_line' id='line_1_29' title="bbox 296 3397 871 3489; baseline -0.005 -25"><span class='ocrx_word' id='word_1_247' title='bbox 296 3400 481 3489; x_wconf 88' lang='lat' dir='ltr'>despectam</span> <span class='ocrx_word' id='word_1_248' title='bbox 504 3400 607 3466; x_wconf 89' lang='lat' dir='ltr'>iacere</span> <span class='ocrx_word' id='word_1_249' title='bbox 629 3399 775 3462; x_wconf 71' lang='lat' dir='ltr'>ceruum</span> <span class='ocrx_word' id='word_1_250' title='bbox 799 3397 871 3462; x_wconf 91' lang='lat' dir='ltr'>dici.</span> 
     </span>
    </p>

    <p class='ocr_par' dir='ltr' id='par_1_6' title="bbox 295 3504 1438 4121">
     <span class='ocr_line' id='line_1_30' title="bbox 382 3504 1438 3590; baseline -0.006 -17"><span class='ocrx_word' id='word_1_251' title='bbox 382 3507 459 3590; x_wconf 78' lang='lat' dir='ltr'>Peg.</span> <span class='ocrx_word' id='word_1_252' title='bbox 482 3505 543 3584; x_wconf 82' lang='lat'>21³,</span> <span class='ocrx_word' id='word_1_253' title='bbox 565 3505 598 3568; x_wconf 83' lang='lat'>13</span> <span class='ocrx_word' id='word_1_254' title='bbox 620 3525 658 3570; x_wconf 84' lang='lat' dir='ltr'>ac</span> <span class='ocrx_word' id='word_1_255' title='bbox 678 3505 771 3589; x_wconf 84' lang='lat' dir='ltr'>doleo,</span> <span class='ocrx_word' id='word_1_256' title='bbox 794 3504 879 3590; x_wconf 93' lang='lat' dir='ltr'>quod</span> <span class='ocrx_word' id='word_1_257' title='bbox 903 3504 1001 3570; x_wconf 91' lang='lat' dir='ltr'>etiam</span> <span class='ocrx_word' id='word_1_258' title='bbox 1025 3505 1124 3569; x_wconf 85' lang='lat' dir='ltr'>codex</span> <span class='ocrx_word' id='word_1_259' title='bbox 1137 3504 1329 3590; x_wconf 81' lang='lat' dir='ltr'>Regimensie</span> <span class='ocrx_word' id='word_1_260' title='bbox 1348 3524 1438 3587; x_wconf 88' lang='lat' dir='ltr'>prae·</span> 
     </span>
     <span class='ocr_line' id='line_1_31' title="bbox 295 3611 1437 3698; baseline -0.005 -18"><span class='ocrx_word' id='word_1_261' title='bbox 295 3615 379 3698; x_wconf 90' lang='lat' dir='ltr'>buit,</span> <span class='ocrx_word' id='word_1_262' title='bbox 412 3636 429 3678; x_wconf 91' lang='lat' dir='ltr'>e</span> <span class='ocrx_word' id='word_1_263' title='bbox 459 3611 598 3678; x_wconf 89' lang='lat' dir='ltr'>Parisini</span> <span class='ocrx_word' id='word_1_264' title='bbox 629 3611 791 3695; x_wconf 85' lang='lat' dir='ltr'>scriptura</span> <span class='ocrx_word' id='word_1_265' title='bbox 820 3611 946 3678; x_wconf 72' lang='lat' dir='ltr'>audebo</span> <span class='ocrx_word' id='word_1_266' title='bbox 975 3611 1115 3676; x_wconf 82' lang='lat' dir='ltr'>Rothius</span> <span class='ocrx_word' id='word_1_267' title='bbox 1146 3611 1279 3676; x_wconf 86' lang='lat' dir='ltr'>eruebat</span> <span class='ocrx_word' id='word_1_268' title='bbox 1309 3631 1368 3694; x_wconf 90' lang='lat' dir='ltr'>pro</span> <span class='ocrx_word' id='word_1_269' title='bbox 1399 3632 1437 3674; x_wconf 88' lang='lat' dir='ltr'>eo</span> 
     </span>
     <span class='ocr_line' id='line_1_32' title="bbox 297 3715 1436 3807; baseline -0.005 -22"><span class='ocrx_word' id='word_1_270' title='bbox 297 3721 382 3807; x_wconf 91' lang='lat' dir='ltr'>quod</span> <span class='ocrx_word' id='word_1_271' title='bbox 405 3719 559 3804; x_wconf 83' lang='lat' dir='ltr'>vulgatur</span> <span class='ocrx_word' id='word_1_272' title='bbox 585 3723 613 3783; x_wconf 86' lang='lat' dir='ltr'>et</span> <span class='ocrx_word' id='word_1_273' title='bbox 639 3718 731 3784; x_wconf 83' lang='lat' dir='ltr'>doleo.</span> <span class='ocrx_word' id='word_1_274' title='bbox 777 3715 840 3783; x_wconf 84' lang='lat' dir='ltr'>Sed</span> <span class='ocrx_word' id='word_1_275' title='bbox 864 3718 1066 3802; x_wconf 65' lang='lat' dir='ltr'>acquiescere</span> <span class='ocrx_word' id='word_1_276' title='bbox 1089 3716 1235 3799; x_wconf 88' lang='lat' dir='ltr'>profecto</span> <span class='ocrx_word' id='word_1_277' title='bbox 1258 3737 1299 3780; x_wconf 89' lang='lat' dir='ltr'>ne</span> <span class='ocrx_word' id='word_1_278' title='bbox 1322 3715 1354 3780; x_wconf 91' lang='lat' dir='ltr'>in</span> <span class='ocrx_word' id='word_1_279' title='bbox 1378 3716 1436 3780; x_wconf 94' lang='lat' dir='ltr'>illo</span> 
     </span>
     <span class='ocr_line' id='line_1_33' title="bbox 296 3821 1438 3912; baseline -0.005 -20"><span class='ocrx_word' id='word_1_280' title='bbox 296 3827 425 3912; x_wconf 90' lang='lat' dir='ltr'>quidem</span> <span class='ocrx_word' id='word_1_281' title='bbox 448 3825 568 3909; x_wconf 88' lang='lat' dir='ltr'>poterit</span> <span class='ocrx_word' id='word_1_282' title='bbox 591 3824 656 3908; x_wconf 89' lang='lat' dir='ltr'>qui,</span> <span class='ocrx_word' id='word_1_283' title='bbox 679 3828 878 3908; x_wconf 85' lang='lat' dir='ltr'>quantopere</span> <span class='ocrx_word' id='word_1_284' title='bbox 901 3825 1080 3908; x_wconf 78' lang='lat' dir='ltr'>langueant</span> <span class='ocrx_word' id='word_1_285' title='bbox 1097 3823 1144 3887; x_wconf 91' lang='lat' dir='ltr'>sic</span> <span class='ocrx_word' id='word_1_286' title='bbox 1163 3825 1196 3886; x_wconf 93' lang='lat' dir='ltr'>et</span> <span class='ocrx_word' id='word_1_287' title='bbox 1214 3821 1386 3888; x_wconf 85' lang='lat' dir='ltr'>coniuncta</span> <span class='ocrx_word' id='word_1_288' title='bbox 1404 3825 1438 3886; x_wconf 91' lang='lat' dir='ltr'>et</span> 
     </span>
     <span class='ocr_line' id='line_1_34' title="bbox 296 3928 1437 4010; baseline -0.006 -11"><span class='ocrx_word' id='word_1_289' title='bbox 296 3933 465 3999; x_wconf 87' lang='lat' dir='ltr'>conlocata</span> <span class='ocrx_word' id='word_1_290' title='bbox 487 3950 625 3996; x_wconf 66' lang='lat' dir='ltr'>mocmor</span> <span class='ocrx_word' id='word_1_291' title='bbox 646 3949 683 3994; x_wconf 85' lang='lat' dir='ltr'>ac</span> <span class='ocrx_word' id='word_1_292' title='bbox 704 3931 788 3994; x_wconf 82' lang='lat' dir='ltr'>doleo</span> <span class='ocrx_word' id='word_1_293' title='bbox 811 3929 970 3995; x_wconf 80' lang='lat' dir='ltr'>vocabula</span> <span class='ocrx_word' id='word_1_294' title='bbox 992 3928 1049 3993; x_wconf 91' lang='lat' dir='ltr'>uni</span> <span class='ocrx_word' id='word_1_295' title='bbox 1072 3929 1197 3994; x_wconf 91' lang='lat' dir='ltr'>notioni</span> <span class='ocrx_word' id='word_1_296' title='bbox 1220 3928 1437 4010; x_wconf 87' lang='lat' dir='ltr'>inservientia,</span> 
     </span>
     <span class='ocr_line' id='line_1_35' title="bbox 297 4035 1437 4121; baseline -0.005 -16"><span class='ocrx_word' id='word_1_297' title='bbox 297 4059 407 4105; x_wconf 87' lang='lat' dir='ltr'>secum</span> <span class='ocrx_word' id='word_1_298' title='bbox 430 4035 638 4121; x_wconf 86' lang='lat' dir='ltr'>reputaverit.</span> <span class='ocrx_word' id='word_1_299' title='bbox 674 4035 853 4120; x_wconf 89' lang='lat' dir='ltr'>Aliquanto</span> <span class='ocrx_word' id='word_1_300' title='bbox 876 4035 950 4118; x_wconf 89' lang='lat' dir='ltr'>plus</span> <span class='ocrx_word' id='word_1_301' title='bbox 969 4036 1142 4118; x_wconf 85' lang='lat' dir='ltr'>gravitatis</span> <span class='ocrx_word' id='word_1_302' title='bbox 1161 4035 1348 4102; x_wconf 87' lang='lat' dir='ltr'>habiturum</span> <span class='ocrx_word' id='word_1_303' title='bbox 1367 4055 1437 4099; x_wconf 88' lang='lat' dir='ltr'>esse</span> 
     </span>
    </p>
   </div>
   <div class='ocr_carea' id='block_1_3' title="bbox 296 4139 1437 4552">
    <p class='ocr_par' dir='ltr' id='par_1_7' title="bbox 296 4139 1437 4552">
     <span class='ocr_line' id='line_1_36' title="bbox 296 4139 1437 4227; baseline -0.006 -16"><span class='ocrx_word' id='word_1_304' title='bbox 296 4165 394 4211; x_wconf 79' lang='lat' dir='ltr'>unum</span> <span class='ocrx_word' id='word_1_305' title='bbox 416 4143 471 4207; x_wconf 83' lang='lat' dir='ltr'>boe</span> <span class='ocrx_word' id='word_1_306' title='bbox 492 4161 637 4226; x_wconf 67' lang='lat' dir='ltr'>moneor,</span> <span class='ocrx_word' id='word_1_307' title='bbox 667 4139 730 4207; x_wconf 80' lang='lat' dir='ltr'>boc</span> <span class='ocrx_word' id='word_1_308' title='bbox 756 4142 839 4206; x_wconf 85' lang='lat' dir='ltr'>doleo</span> <span class='ocrx_word' id='word_1_309' title='bbox 866 4141 1083 4227; x_wconf 91' lang='lat' dir='ltr'>concedimus,</span> <span class='ocrx_word' id='word_1_310' title='bbox 1115 4141 1200 4226; x_wconf 93' lang='lat' dir='ltr'>quod</span> <span class='ocrx_word' id='word_1_311' title='bbox 1223 4141 1437 4207; x_wconf 85' lang='lat' dir='ltr'>Buechelerus</span> 
     </span>
     <span class='ocr_line' id='line_1_37' title="bbox 297 4247 1437 4336; baseline -0.008 -18"><span class='ocrx_word' id='word_1_312' title='bbox 297 4251 512 4336; x_wconf 87' lang='lat' dir='ltr'>proponebat:</span> <span class='ocrx_word' id='word_1_313' title='bbox 531 4249 586 4315; x_wconf 90' lang='lat' dir='ltr'>sed</span> <span class='ocrx_word' id='word_1_314' title='bbox 604 4249 656 4313; x_wconf 83' lang='lat' dir='ltr'>rel</span> <span class='ocrx_word' id='word_1_315' title='bbox 676 4248 722 4314; x_wconf 88' lang='lat' dir='ltr'>sic</span> <span class='ocrx_word' id='word_1_316' title='bbox 740 4252 850 4312; x_wconf 91' lang='lat' dir='ltr'>tamen</span> <span class='ocrx_word' id='word_1_317' title='bbox 868 4249 998 4313; x_wconf 87' lang='lat' dir='ltr'>inverso</span> <span class='ocrx_word' id='word_1_318' title='bbox 1017 4250 1126 4334; x_wconf 89' lang='lat' dir='ltr'>potius</span> <span class='ocrx_word' id='word_1_319' title='bbox 1145 4249 1256 4315; x_wconf 90' lang='lat' dir='ltr'>ordine</span> <span class='ocrx_word' id='word_1_320' title='bbox 1274 4247 1328 4312; x_wconf 81' lang='lat' dir='ltr'>boc</span> <span class='ocrx_word' id='word_1_321' title='bbox 1345 4247 1437 4324; x_wconf 84' lang='lat' dir='ltr'>doleo,</span> 
     </span>
     <span class='ocr_line' id='line_1_38' title="bbox 296 4351 1437 4439; baseline -0.008 -15"><span class='ocrx_word' id='word_1_322' title='bbox 296 4359 350 4424; x_wconf 81' lang='lat' dir='ltr'>boo</span> <span class='ocrx_word' id='word_1_323' title='bbox 372 4375 507 4421; x_wconf 81' lang='lat' dir='ltr'>maceror</span> <span class='ocrx_word' id='word_1_324' title='bbox 530 4355 570 4420; x_wconf 89' lang='lat' dir='ltr'>ad</span> <span class='ocrx_word' id='word_1_325' title='bbox 594 4353 711 4418; x_wconf 81' lang='lat' dir='ltr'>lortius</span> <span class='ocrx_word' id='word_1_326' title='bbox 735 4353 1003 4438; x_wconf 80' lang='lat' dir='ltr'>progrediendum</span> <span class='ocrx_word' id='word_1_327' title='bbox 1028 4356 1128 4420; x_wconf 77' lang='lat' dir='ltr'>fuisse</span> <span class='ocrx_word' id='word_1_328' title='bbox 1146 4354 1374 4439; x_wconf 84' lang='lat' dir='ltr'>intellegimus,</span> <span class='ocrx_word' id='word_1_329' title='bbox 1397 4351 1437 4416; x_wconf 91' lang='lat' dir='ltr'>ad</span> 
     </span>
     <span class='ocr_line' id='line_1_39' title="bbox 300 4457 1437 4552; baseline -0.007 -22"><span class='ocrx_word' id='word_1_330' title='bbox 300 4465 444 4550; x_wconf 83' lang='lat' dir='ltr'>aliquam</span> <span class='ocrx_word' id='word_1_331' title='bbox 475 4459 721 4532; x_wconf 82' lang='lat' dir='ltr'>similitudinem</span> <span class='ocrx_word' id='word_1_332' title='bbox 749 4480 859 4526; x_wconf 89' lang='lat' dir='ltr'>eorum</span> <span class='ocrx_word' id='word_1_333' title='bbox 888 4483 969 4552; x_wconf 89' lang='lat' dir='ltr'>quae</span> <span class='ocrx_word' id='word_1_334' title='bbox 997 4465 1073 4526; x_wconf 88' lang='lat' dir='ltr'>sunt</span> <span class='ocrx_word' id='word_1_335' title='bbox 1095 4461 1127 4528; x_wconf 89' lang='lat' dir='ltr'>in</span> <span class='ocrx_word' id='word_1_336' title='bbox 1152 4458 1297 4546; x_wconf 81' lang='lat' dir='ltr'>Captivis</span> <span class='ocrx_word' id='word_1_337' title='bbox 1319 4479 1349 4526; x_wconf 79' lang='lat' dir='ltr'>r.</span> <span class='ocrx_word' id='word_1_338' title='bbox 1372 4457 1437 4526; x_wconf 88' lang='grc'>928</span> 
     </span>
    </p>
   </div>
   <div class='ocr_carea' id='block_1_4' title="bbox 0 0 1652 5104">
    <p class='ocr_par' dir='ltr' id='par_1_8' title="bbox 0 0 1652 5104">
     <span class='ocr_line' id='line_1_40' title="bbox 0 0 1652 5104; baseline 0 0"><span class='ocrx_word' id='word_1_339' title='bbox 0 0 1652 5104; x_wconf 95' lang='lat' dir='ltr'> </span> 
     </span>
    </p>
   </div>
  </div>
 </body>
</html>
