3288 5100
555 375 631 422 srva
656 374 905 423 nannounnvu
929 375 1034 422 ainai.
1302 357 1366 422 533

222 515 327 580 ubivis
352 519 421 580 tum
444 518 478 581 in
501 517 553 587 his
576 518 715 583 maxime
738 517 832 582 libris
839 568 848 600 ,
879 517 995 602 quibus
1020 540 1039 582 a
1062 537 1269 582 numerorum
1294 539 1366 598 (υμ-

221 625 330 707 μετρίᾳ
353 646 471 689 nomen
494 624 644 709 inditum,
667 625 848 690 Varronem
872 624 1062 688 observasse
1086 623 1220 707 monuit,
1244 625 1290 688 ita
1314 623 1366 688 de-

221 752 309 794 mum
338 730 544 796 satisfactum
572 732 686 816 fuisse,
720 732 747 796 si
776 753 841 796 non
870 729 999 795 tant'um
1028 734 1183 814 septenae
1208 731 1366 814 imagines

222 837 341 920 septies
357 839 556 921 compositae
571 839 718 924 singulos
733 838 834 902 libros
849 838 1093 919 constituerent,
1109 837 1164 901 sed
1179 837 1206 901 si
1221 837 1366 900 omnium

221 935 401 1028 imaginum
429 967 581 1009 numerus
610 967 676 1010 non
705 945 783 1028 686,
817 944 872 1008 sed
902 944 1181 1030 septingentarum
1206 965 1365 1008 summam

220 1049 364 1116 referret.
418 1051 531 1136 Itaque
562 1052 748 1116 Plinianum
778 1073 947 1116 numerum
979 1053 1018 1116 ad
1052 1049 1209 1116 amussim
1241 1048 1367 1114 intelle·

220 1157 361 1242 gendum
394 1157 487 1222 nobis
521 1157 602 1242 eripi
634 1179 700 1222 non
734 1157 908 1240 patiemur,
937 1157 993 1220 sed
1021 1157 1131 1240 potius
1159 1156 1366 1240 acquiramus

221 1268 350 1348 oportet
373 1286 436 1349 quo
460 1265 488 1328 is
511 1265 606 1329 modo
626 1287 698 1330 cum
713 1263 774 1329 XV
790 1263 947 1328 librorum
972 1285 1104 1327 numero
1130 1265 1226 1346 atque
1250 1261 1366 1326 ceteris

220 1369 459 1435 distributionis
483 1369 590 1442 factae
613 1370 740 1436 indiciis
765 1370 871 1454 possit
894 1369 1069 1434 conciliari.

310 1475 429 1540 Obstat
458 1479 566 1540 autem
596 1476 835 1540 Ritschelianae
869 1475 1105 1559 computationi
1137 1475 1364 1560 gravissimum

223 1581 320 1646 Gellii
344 1581 408 1664 Ill,
430 1584 471 1644 ‘ll
503 1582 739 1666 testimonium,
773 1581 858 1666 quod
888 1581 950 1644 nisi
980 1578 1146 1646 ‘liberiore
1174 1581 1365 1664 interpreta-

220 1687 326 1753 tione'
349 1710 427 1752 usus
451 1686 485 1750 iu
508 1691 618 1770 partes
643 1709 717 1752 suas
742 1691 867 1752 vertere
890 1709 919 1750 v.
943 1686 971 1750 d.
996 1707 1059 1750 non
1084 1687 1195 1750 valuit.
1241 1685 1364 1750 Gellius

218 1795 304 1858 enim
332 1798 506 1878 postquam
533 1794 553 1858 l.
577 1793 626 1857 ΙΙΙ
651 1816 676 1858 c.
703 1795 743 1857 10
772 1816 810 1858 ex
835 1793 951 1875 ‘primo
973 1792 1145 1875 librorum,
1175 1792 1229 1874 qui
1254 1791 1365 1857 inscri-

218 1901 337 1965 buntur
364 1899 583 1964 hebdomades
611 1901 661 1964 vel
690 1899 728 1964 de
757 1898 972 1984 imaginibus'
1001 1920 1084 1982 quae
1112 1899 1150 1962 de
1181 1899 1364 1982 septenario

216 2029 350 2072 numero
375 2007 418 2070 bl.
442 2006 547 2072 Varro
576 2006 749 2072 admodum
778 2007 957 2092 conquisita
986 2005 1169 2090 protulerat
1197 2007 1364 2090 excerpsit,

217 2114 323 2198 eapite
347 2113 489 2178 eiusdem
519 2113 593 2178 libri
618 2113 765 2198 sequenti
789 2109 861 2198 (11)
890 2114 936 2178 ita
959 2115 1082 2198 pergit:
1115 2111 1234 2196 ‘Super
1257 2117 1364 2177 aetate

216 2219 349 2286 Homeri
374 2225 469 2304 atque
484 2218 619 2285 Hesiodi
644 2241 709 2284 non
733 2219 942 2284 consentitur.
980 2219 1049 2284 Alii
1062 2219 1241 2283 Homerum
1266 2241 1363 2302 quam

215 2325 393 2390 Hesiodum
412 2326 569 2390 maiorem
588 2330 667 2389 natu
686 2323 786 2389 fuisse
806 2325 1003 2407 scripserunt
1019 2361 1060 2368 -
1074 2322 1117 2386 M.
1134 2327 1241 2387 sutem
1256 2323 1362 2389 Varro

215 2431 249 2494 in
268 2433 374 2512 primo
398 2431 436 2495 de
460 2431 657 2515 imaginibus
682 2435 753 2494 uter
777 2430 866 2512 prior
888 2430 932 2493 sit
955 2433 1052 2494 natus
1076 2451 1191 2513 parum
1215 2435 1361 2494 constare

217 2537 316 2602 dicit?
358 2537 402 2601 Et
425 2537 531 2620 capite
556 2541 711 2600 extremo:
736 2535 794 2600 ‘M.
810 2535 914 2601 Varro
939 2537 972 2600 in
996 2536 1078 2600 libro
1101 2536 1139 2600 de
1163 2537 1388 2621 imaginibusc

213 2645 319 2725 primo
350 2643 485 2707 Homeri
518 2642 655 2725 imagini
687 2643 889 2728 epigramma
921 2642 982 2708 hoc
1015 2644 1181 2726 apposuit:
1228 2641 1362 2727 Capella

215 2748 351 2815 Homeri
375 2748 512 2814 candida
534 2748 614 2812 haec
638 2750 798 2814 tumulum
822 2749 954 2833 iudicat,
978 2750 1071 2825 Quod
1093 2750 1154 2814 hac
1168 2749 1255 2813 Ietae
1279 2773 1361 2814 mor·

214 2859 271 2920 tuo
300 2855 425 2921 faciunt
453 2854 566 2919 sacra?
613 2854 701 2931 Quae
730 2877 829 2940 quum
858 2859 969 2940 aperte
995 2854 1137 2920 Graecae
1165 2855 1361 2922 hebdomadi

214 2965 321 3030 locum
348 2963 448 3028 fuisse
476 2963 511 3028 in
538 2962 675 3044 imparis
703 2961 829 3026 numeri
856 2962 941 3026 libro
970 2961 1149 3046 declarent,
1183 2985 1248 3027 non
1277 2963 1360 3028 ferre

214 3072 323 3154 potuit
353 3068 564 3152 Ritschelius,
595 3068 651 3133 sed
681 3069 728 3132 ita
759 3068 820 3132 sibi
852 3069 1050 3150 conciliavit,
1088 3072 1125 3132 ut
1160 3069 1361 3135 existimaret

214 3177 371 3243 ‘Gellium
390 3177 446 3242 ubi
465 3176 644 3241 subiectum
660 3175 794 3239 Homeri
814 3175 949 3261 imagini
969 3175 1170 3260 epigramma
1187 3175 1358 3240 adiectam-

213 3307 274 3368 que
297 3285 335 3349 de
359 3285 448 3348 illius
472 3286 568 3367 atque
592 3280 727 3347 Hesiodi
751 3287 858 3347 aetate
882 3281 1135 3365 disputationem
1159 3283 1359 3368 excerpebat,

212 3413 277 3455 uon
311 3411 439 3454 curasse
472 3387 684 3470 praemissam
718 3387 867 3451 universo
901 3387 989 3470 operi
1018 3387 1270 3471 praefationem,
1302 3390 1358 3454 sed

213 3496 352 3579 primum
386 3495 505 3558 librum
537 3492 656 3556 dixisse
689 3492 743 3576 qui
776 3514 890 3576 reapse
924 3493 1048 3576 primus
1081 3497 1166 3558 esset
1201 3495 1358 3578 imagines

213 3601 301 3684 ipsas
324 3603 583 3684 repraesentans.
623 3597 712 3682 Ergo
737 3599 921 3665 insecenda
945 3601 1064 3684 potius,
1087 3601 1114 3664 si
1139 3601 1178 3664 ad
1203 3603 1357 3667 amussim

212 3709 250 3771 fit
272 3707 462 3790 numerati0,
484 3707 641 3771 Homerus
664 3710 706 3790 et,
730 3710 767 3771 ut
785 3710 1035 3772 consentaneum
1062 3711 1112 3771 est
1134 3705 1270 3790 credere,
1294 3709 1357 3773 He-

211 3817 317 3881 siodus
348 3815 456 3880 locum
487 3813 693 3879 invenerant:
726 3814 809 3879 unde
842 3835 1041 3898 consequens
1074 3817 1137 3897 est,
1170 3819 1206 3878 ut
1237 3815 1356 3880 latinos

211 3925 326 4006 poetas
356 3920 471 3985 tertius
502 3919 768 4005 persequeretur?
814 3919 953 3986 Acutam
985 3919 1128 4005 quidem,
1162 3921 1216 3984 sed
1247 3926 1357 3986 tamen

211 4029 360 4094 fallacem
384 4027 698 4110 interpretationem!
723 4065 765 4072 —
790 4027 861 4104 Qua
883 4028 1022 4110 probata
1045 4027 1182 4100 anobis
1206 4028 1356 4112 impetre-

212 4157 283 4200 mus
311 4137 453 4218 oportet,
482 4136 518 4196 ut
545 4131 714 4198 credamus
739 4133 879 4198 Gellium
907 4134 942 4198 in
971 4133 1160 4198 adhibendis
1188 4139 1354 4199 auctorum

211 4241 305 4305 libris
329 4240 463 4304 minime
490 4239 710 4324 negligentem
739 4239 863 4305 duobus
887 4241 1049 4324 capitibus
1073 4261 1143 4304 sese
1167 4240 1355 4323 excipienti-

211 4349 271 4413 bus
295 4347 435 4431 primum
460 4346 696 4412 hebdomadum
720 4347 840 4412 librum
863 4348 970 4412 verbis
995 4347 1123 4432 quidem
1147 4347 1276 4430 iisdem,
1299 4348 1355 4412 sed

211 4454 276 4518 alia
299 4453 471 4539 utrobique
495 4457 602 4518 mente
627 4453 817 4537 appellasse,
840 4475 922 4537 quae
944 4475 1010 4517 non
1028 4453 1160 4520 ferenda
1179 4457 1229 4518 est
1247 4454 1355 4520 incon·
