3274 5114
256 321 322 384 232
638 337 673 382 m
698 335 806 384 vman
830 335 998 384 reanum

256 480 342 544 disse
370 485 405 544 ut
432 479 528 544 huius
557 479 745 562 versiculos,
778 480 889 562 quales
917 479 1026 562 paullo
1055 481 1130 542 ante
1159 478 1304 563 integros
1327 502 1399 563 per·

256 587 438 671 scripserat,
460 587 575 670 putida
597 587 769 672 diligentia
793 609 904 652 omnes
927 587 1074 651 iteraret:
1106 586 1206 650 immo
1230 573 1408 652 enimenta-¹

256 714 352 757 neum
379 697 430 758 est
457 693 491 758 in
519 693 566 757 eis
595 691 689 755 illum
718 692 904 756 substitisse
933 713 1015 776 quae
1044 691 1083 756 ad
1108 691 1214 775 ipsam
1238 715 1306 758 rem
1330 715 1400 776 pcr-

255 799 412 882 tinerent,
443 821 504 864 neo
535 804 604 863 tam
633 819 785 864 numeros
816 821 966 863 versuum
996 819 1094 884 quam
1123 797 1190 862 vim
1220 800 1401 864 sententiae

257 926 397 969 curasse.
442 903 529 973 Satis
553 905 653 990 igitur
677 909 747 969 erat
769 904 850 970 haec
872 904 1075 988 apposuisse:
1099 925 1157 986 qno
1181 905 1281 987 napis
1303 905 1403 970 miror

257 1011 404 1076 Porcium
425 1012 553 1078 scribere
576 1011 691 1095 ‘Scipio
713 1011 794 1076 nibil
811 1012 943 1094 profuit,
967 1011 1047 1075 nibil
1070 1011 1209 1094 Laelius,
1233 1010 1403 1074 nibian

257 1121 343 1184 rins:
366 1139 469 1184 eornm
492 1120 545 1184 ille
567 1140 659 1202 opera
679 1140 720 1196 ne
741 1119 867 1184 domrnn
888 1119 1009 1200 quictem
1032 1116 1139 1182 liobnit
1160 1115 1402 1200 conducticiom’5

257 1248 335 1290 nam
357 1224 460 1308 Scipio
478 1248 596 1290 nomen
614 1225 697 1290 nihil
717 1225 932 1309 praecessisse
951 1224 1155 1289 consentiens
1174 1247 1235 1288 vox
1255 1222 1401 1288 codicum

257 1331 386 1414 evincit,
410 1353 427 1396 e
450 1333 567 1416 quibus
586 1355 670 1398 unus
688 1332 882 1417 Reginensis
900 1332 981 1396 nibil
999 1331 1130 1396 Publius
1149 1330 1275 1395 addidit
1294 1331 1403 1396 eloco

257 1437 374 1520 priore,
398 1438 481 1521 quod
505 1443 581 1522 post
603 1437 740 1503 Aldinae
764 1439 960 1504 auctoritate
983 1438 1089 1504 haesit
1113 1437 1213 1503 etiam
1237 1436 1270 1500 in
1291 1436 1404 1501 editio-

257 1543 352 1608 nibus
378 1546 431 1624 [ne
455 1544 490 1608 in
514 1544 691 1630 Reginensi
715 1544 844 1628 quidem
867 1543 929 1610 hoc
952 1537 1207 1610 additamentum
1230 1545 1294 1630 legi
1318 1567 1404 1611 nunc

257 1654 396 1715 testatur
416 1649 658 1716 Wilmannsius.
679 1649 713 1716 O.
729 1650 805 1732 W.].
848 1649 910 1716 Sed
934 1651 1054 1734 aliquid
1075 1652 1237 1716 tamenin
1261 1673 1299 1716 eo
1319 1651 1404 1736 quod

257 1759 412 1842 proposui
435 1759 582 1842 exemplo
607 1757 782 1824 desiderari
806 1758 941 1822 senties:
973 1778 1130 1840 personae
1153 1757 1322 1840 indicium,
1352 1757 1403 1821 oui

257 1864 337 1928 nihil
367 1865 418 1928 vel
448 1865 566 1928 summi
594 1863 723 1947 patroni
753 1863 944 1947 profuerint.
989 1861 1102 1947 quue
1130 1863 1236 1947 ipsum
1265 1864 1346 1929 illud
1376 1866 1406 1930 ci
1539 1925 1546 1936 ,

258 1973 398 2052 spectat,
426 1969 487 2034 hoc
519 1970 591 2034 loco
624 1973 745 2034 temere
780 1969 949 2051 omissum,
976 1970 1009 2033 in
1037 1969 1177 2053 priorem
1206 1992 1244 2034 ex
1272 1969 1334 2036 hoc
1357 1971 1406 2036 in·

259 2075 361 2139 latum
385 2077 419 2139 et
441 2077 498 2138 aut
520 2077 595 2158 post
618 2071 714 2156 scipio
737 2074 915 2158 repositum
939 2077 976 2139 ut
998 2075 1032 2139 in
1047 2078 1154 2140 vetere
1169 2076 1327 2162 Parisino,
1349 2081 1407 2142 aut

260 2185 335 2246 ante
353 2203 386 2264 p.
409 2183 503 2264 serino
527 2186 563 2246 ut
586 2181 618 2245 in
642 2179 868 2265 Neapolitano.
911 2179 1003 2256 Quod
1026 2184 1139 2245 contra
1162 2202 1179 2244 e
1202 2181 1308 2265 priore
1333 2182 1406 2248 loco

258 2289 421 2372 posterior
444 2288 663 2372 interpolatus
686 2291 737 2351 est
758 2309 824 2352 non
843 2288 972 2350 tantum
991 2287 1239 2370 supervacaneis
1258 2287 1406 2354 versibus

259 2393 385 2460 duobus
409 2393 551 2478 adscitis,
576 2395 631 2459 sed
655 2417 766 2460 rursus
789 2395 818 2459 ci
840 2394 1032 2478 pronomine
1056 2393 1174 2460 inferto
1198 2395 1231 2460 in
1250 2396 1406 2479 proximis

259 2500 341 2564 nibil
367 2503 396 2565 ci
423 2501 512 2566 lelius
539 2501 620 2566 nibil
640 2501 758 2580 furius,
791 2522 811 2564 a
840 2522 904 2584 qua
935 2499 1185 2583 interpolatione
1216 2501 1278 2566 soli
1310 2501 1407 2568 liberi

261 2611 449 2670 mansenmt
472 2611 608 2692 uterque
631 2607 798 2672 Parisinus
822 2628 894 2671 cum
918 2605 1103 2691 Reginensi.
1130 2643 1167 2652 -
1199 2605 1407 2692 Consequens

260 2712 362 2795 igitur
390 2715 439 2777 est
467 2735 505 2777 ex
529 2713 596 2798 his,
625 2717 663 2778 ut
684 2712 836 2778 inferiore
859 2713 931 2778 loco
956 2713 1003 2776 sic
1027 2713 1195 2796 scripserit
1219 2712 1408 2780 Suetonius:

261 2817 364 2900 Scipio
385 2819 468 2884 ndril
485 2821 657 2903 eiprofnit,
679 2820 761 2885 nibil
778 2819 914 2898 Laelius,
936 2819 1018 2885 nibil
1030 2819 1160 2884 Furius.
1197 2819 1408 2906 Quamquam,

261 2925 384 3011 absque
403 2927 466 2992 fide
485 2927 642 2992 librorum
661 2932 755 3012 esset,
778 2926 887 2992 nescio
907 2926 1067 2991 suetiam
1087 2927 1191 3012 magis
1211 2925 1407 3010 placiturum

262 3035 348 3096 esset
370 3032 450 3097 nibil
472 3035 502 3098 ei
523 3033 627 3116 Scipio
645 3034 769 3116 profuit
792 3055 818 3098 e.
841 3055 872 3117 q.
895 3055 920 3098 s.

349 3137 507 3220 Pagala
522 3139 537 3203 1
560 3161 633 3204 eum
646 3161 704 3222 per
721 3141 761 3205 ict
778 3145 900 3222 ternpus
913 3139 1015 3204 edidit
1028 3138 1168 3206 Wolfius
1187 3163 1245 3224 pro
1265 3165 1303 3208 eo
1323 3143 1406 3227 quod

261 3244 294 3307 in
329 3243 421 3308 libris
455 3249 505 3309 est
530 3267 590 3328 per
617 3247 697 3311 rilem
725 3250 854 3328 templis,
885 3266 951 3310 non
978 3244 1057 3311 fecit
1085 3246 1147 3312 hoc
1175 3249 1271 3312 metri
1294 3270 1408 3314 caussa

262 3351 348 3435 quod
371 3350 449 3415 dicit
471 3349 611 3416 Rothius
634 3374 664 3436 p.
690 3353 752 3418 179
782 3349 880 3436 (nihil
904 3350 989 3416 enim
1013 3351 1048 3416 in
1071 3357 1174 3418 metro
1198 3353 1408 3437 offensionis),

263 3457 319 3520 sed
342 3457 431 3542 ipsas
455 3457 620 3542 cogitandi
643 3459 732 3544 leges
757 3463 895 3523 secutus.
931 3457 1044 3542 Neque
1068 3459 1154 3524 enim
1177 3459 1211 3524 id
1231 3461 1349 3546 agitur,
1372 3465 1409 3526 ut
1488 3471 1489 3474 ’

263 3565 350 3628 inter
372 3585 407 3629 se
430 3563 581 3648 aequales
605 3567 712 3631 aetate
735 3564 835 3630 fuisse
859 3561 1057 3649 Scipionem,
1086 3565 1248 3649 Laelium,
1276 3565 1407 3631 Furium

182 3755 184 3760 Ι
263 3669 428 3754 doceatur,
461 3671 516 3736 sed
544 3675 582 3737 ut
609 3673 758 3758 aequales
787 3671 942 3736 Terentii:
978 3671 1062 3736 uude
1093 3673 1173 3738 illud
1205 3695 1263 3739 sua
1293 3677 1407 3758 sponte

263 3777 508 3842 consectarium.
523 3815 564 3824 -
581 3777 670 3854 Quae
694 3777 908 3860 insequuntur
931 3777 986 3858 qni
1008 3777 1168 3856 npitabnnl
1187 3781 1347 3861 facillume
1368 3803 1408 3845 ne

264 3883 315 3947 cui
338 3903 446 3946 morae
470 3883 549 3965 sint,
579 3905 661 3947 unus
690 3903 803 3947 cavere
831 3885 1023 3966 personatus
1048 3881 1208 3950 Asconius
1231 3885 1352 3970 poterit
1374 3886 1408 3949 in

264 3987 329 4052 Oio.
353 3987 585 4053 divinationem
608 3991 628 4069 ξ
652 3989 672 4054 8
695 4011 725 4072 p.
752 3988 814 4052 102
837 3987 891 4052 Or.
914 3987 961 4052 sio
984 3993 1233 4055 commentatus:
1263 3989 1408 4073 ‘diffind-

216 4113 255 4153 Μ
271 4100 362 4160 lolem
391 4095 476 4158 enim
504 4099 730 4178 paupertatem
763 4093 935 4178 significat.
980 4093 1150 4160 Terentius
1184 4118 1201 4160 c
1233 4096 1409 4161 contrario:

264 4221 359 4284 qnam
380 4222 436 4267 alos
455 4199 605 4282 facillime
627 4199 745 4286 npilrs',
778 4221 860 4285 quas
890 4199 989 4265 verba
1012 4205 1090 4266 sunt
1113 4199 1252 4285 Adelph.
1275 4225 1304 4266 v.
1329 4202 1408 4266 501:
1467 4182 1476 4196 ’

267 4312 415 4392 recteque
443 4307 505 4374 hoc
531 4329 633 4394 genus
662 4307 813 4393 loquendi
841 4307 905 4372 iam
929 4307 1092 4374 Adrianus
1116 4307 1286 4374 Turnebus
1310 4307 1410 4393 expli·

268 4413 352 4478 cavit
377 4413 546 4480 Adversar.
570 4433 627 4500 xx,
651 4415 703 4480 33.
