3294 5104
289 393 355 460 284
696 411 743 456 on
768 409 1023 458 annunsmoun

288 554 428 618 lectitati
457 557 490 618 51
519 552 672 636 descripti
696 551 775 636 sint,
803 553 910 618 evenit
932 557 970 617 ut
993 551 1138 618 codicum
1161 575 1236 620 mss.
1260 578 1362 640 paene
1385 557 1432 621 in-

261 661 383 726 sfinita
406 659 581 726 multitudo
604 659 763 744 hodieque
787 663 901 725 exstet.
935 660 1140 727 Praetereos
1160 666 1433 748 autem,quonm1

289 791 306 833 e
329 769 408 834 solis
436 767 707 832 bibliothecarum
730 767 890 832 indicibus
912 767 1031 834 notitia
1052 770 1188 853 petitur,
1219 791 1279 835 nos
1303 769 1433 854 quidem

288 897 372 939 nunc
395 873 470 938 illos
495 895 620 958 quoque
643 873 945 958 praetermittimus,
974 875 1001 938 si
1025 875 1079 959 qui
1104 899 1123 941 a
1146 877 1309 942 veteribus
1332 877 1433 943 edito-

288 982 378 1046 ribus
412 980 560 1064 usurpati
592 1001 650 1044 nec
682 980 837 1065 descripti
869 982 1062 1066 accuratius,
1099 1005 1136 1048 ac
1167 1005 1208 1048 ne
1242 984 1433 1068 singillatim

289 1087 461 1153 memorati
490 1086 619 1172 quidem
647 1087 721 1150 sint.
766 1085 852 1152 Nam
881 1087 1014 1152 omnino
1042 1091 1132 1153 totus
1161 1088 1215 1153 hic
1243 1089 1347 1174 locus,
1377 1090 1433 1174 qui

148 1199 152 1206 “
290 1199 339 1259 551
362 1193 401 1258 de
424 1193 570 1257 fontibus
589 1197 622 1257 et
641 1193 898 1258 successionibus
917 1195 1102 1280 mutuisque
1121 1195 1302 1261 rationibus
1322 1199 1355 1260 et
1373 1219 1433 1261 usu

290 1300 496 1384 antiqucmm
519 1299 661 1365 Terentii
690 1299 882 1382 editionum,
913 1303 1005 1383 patet
1034 1300 1137 1366 adhuc
1167 1301 1293 1366 curioso
1317 1301 1433 1386 studio,

289 1429 327 1472 ac
350 1389 402 1471 vix
425 1407 625 1472 tenuissimis
650 1405 843 1490 quibusdam
861 1405 914 1470 Fr.
928 1406 1022 1471 Harii
1042 1412 1074 1472 et
1088 1406 1308 1472 Westerhovii
1330 1408 1432 1475 initiis

290 1513 423 1578 tractari
447 1515 581 1598 coeptus
606 1517 664 1577 est.
711 1509 759 1576 Of.
782 1511 876 1577 Harii
899 1512 1044 1578 Addcnd.
1069 1536 1098 1598 p.
1122 1513 1166 1579 95
1181 1537 1250 1599 sqq.
1274 1513 1431 1580 eiusdem-

290 1643 351 1706 que
383 1625 415 1684 et
438 1619 660 1685 Westerhovii
690 1619 799 1702 praeffi
830 1624 863 1684 et
892 1620 972 1685 adde
1000 1619 1081 1686 Nov.
1110 1621 1228 1686 Annal.
1256 1621 1368 1704 philol.
1400 1626 1432 1687 et

289 1725 426 1813 paedag.
449 1723 560 1809 Suppl.
582 1723 631 1789 IV
653 1747 684 1809 p.
703 1725 769 1791 325
780 1748 848 1811 sqq.
896 1724 958 1790 Sed
981 1749 1118 1812 quorum
1142 1729 1182 1793 ab
1206 1729 1287 1812 ipsis
1310 1729 1432 1794 criticis

289 1836 411 1900 mentio
444 1834 495 1918 fit,
528 1854 639 1898 eorum
673 1854 769 1918 quam
800 1831 1008 1916 paucissimis
1041 1835 1148 1900 verbis
1179 1835 1265 1900 hunc
1292 1835 1431 1901 indicem

290 1941 434 2024 accipite.

378 2047 537 2124 Quattuor
572 2045 618 2110 Io.
651 2045 763 2110 Rivius
800 2045 835 2109 in
867 2042 1148 2129 (instigationibus
1181 2045 1296 2134 (Lugd.
1333 2049 1432 2136 1538)

288 2153 475 2239 usurpavit,
521 2151 750 2217 Bannniannns
795 2150 1074 2236 antiquissimum,
1119 2153 1432 2221 Hassnrs'teiniannm

288 2261 422 2326 membr.
444 2257 612 2332 Bononiae
641 2260 798 2342 emptum,
830 2256 948 2322 Hateri
977 2259 1118 2324 codicem
1147 2261 1328 2327 5111151515
1355 2262 1431 2327 mis·

288 2389 373 2450 sum,
405 2365 445 2432 DJ
467 2365 597 2431 Nicolai
619 2364 857 2447 Friberpensem.
903 2361 975 2428 Vid.
999 2362 1085 2430 Rivii
1108 2366 1210 2450 praef.
1232 2368 1266 2432 in
1290 2369 1431 2434 editione

289 2474 452 2560 Bergiana
475 2495 503 2537 a.
529 2472 615 2537 1574
638 2495 668 2556 p.
686 2472 748 2536 196
759 2493 831 2555 sqq.
867 2469 951 2536 Item
974 2475 1129 2555 quattuor
1150 2473 1278 2540 Murato
1302 2473 1431 2562 (Venet.

290 2577 388 2665 1555)
412 2583 543 2664 praesto
566 2577 698 2643 fuerunt
721 2576 842 2663 (Schol.
865 2577 948 2642 Eun.
975 2579 1055 2663 prol,
1079 2579 1108 2644 5.
1132 2579 1172 2665 V,
1196 2582 1225 2666 8,
1248 2581 1315 2668 57),
1346 2605 1428 2647 unus

285 2709 360 2754 sans
382 2685 527 2774 (Phorm.
549 2684 610 2770 III,
624 2686 653 2769 2,
669 2686 712 2772 6),
736 2685 799 2750 duo
822 2685 1040 2752 bibliothecae
1054 2687 1255 2753 Antonianae
1276 2687 1431 2774 Venetae,

287 2795 364 2860 olim
387 2792 552 2859 Dominici
575 2790 728 2856 Germani
751 2789 933 2856 Oardinalis
957 2789 1088 2878 (Heaut.
1107 2791 1166 2876 Ill,
1184 2795 1210 2878 l,
1228 2791 1314 2879 101),
1338 2816 1431 2878 quar-

170 2917 172 2920 ’
286 2905 338 2967 155
362 2899 520 2966 Bernardi
538 2898 713 2963 Lanarctanc'
737 2894 1020 2990 (Fun.IV,l,19):
1042 2919 1118 2962 nam
1141 2921 1238 2983 quem
1261 2905 1430 2982 praetcrea

288 3011 447 3073 memorat
475 3005 633 3084 Veneto-m,
665 3005 841 3088 impressus
868 3002 933 3067 fuit
960 3000 1075 3087 (Andr.
1097 3003 1127 3088 I,
1150 3005 1180 3090 5,
1203 3003 1247 3091 3).
1292 3005 1432 3072 Exstitit

285 3137 371 3180 nunc
386 3114 528 3180 Faernus
543 3109 643 3197 (Flor.
656 3108 765 3195 1565),
789 3133 808 3174 5
831 3130 893 3193 quo
917 3110 1110 3175 nominatim
1134 3111 1313 3177 afferuntur
1335 3113 1428 3179 Ban

285 3223 375 3287 5111115
398 3221 453 3285 1115
476 3241 561 3285 nuno
580 3216 797 3283 bibliothecae
812 3215 999 3302 Vaticanae,
1022 3222 1146 3302 quarto,
1170 3224 1206 3284 ut
1229 3219 1323 3285 nobis
1347 3220 1431 3285 vide-

285 3333 348 3412 tur,
372 3327 500 3393 saeculo
523 3325 645 3391 litteris
670 3323 837 3409 quadratis
861 3323 1010 3408 scriptus,
1034 3324 1102 3389 sine
1120 3325 1188 3391 ulla
1207 3327 1428 3392 controversia

286 3433 450 3518 antiquior
478 3431 622 3498 Mediceo
645 3429 849 3516 Vergiliano:
887 3429 1056 3496 Vaticanus
1086 3430 1175 3496 haud
1206 3433 1275 3498 iere
1307 3433 1431 3499 minore

286 3539 474 3606 celebritate
498 3541 630 3623 propter
649 3538 796 3622 appictas
816 3536 953 3622 singulis
973 3537 1099 3602 scaenis
1117 3541 1326 3622 personarum
1349 3541 1429 3605 ima-

286 3648 378 3734 gines
402 3645 588 3733 (utrumque
612 3645 699 3711 enim
723 3644 870 3710 confudit
892 3643 1125 3728 Bernhardyus
1148 3644 1234 3711 Hist.
1258 3647 1321 3711 litt.
1335 3647 1428 3714 Itoni.

284 3778 315 3840 p.
340 3753 431 3839 196):
455 3755 621 3838 praeterea
644 3751 856 3834 Basilicanas,
876 3751 1080 3832 Victorianus,
1094 3749 1290 3818 Decumates.
1322 3752 1429 3830 Quan-

285 3883 381 3946 quam
400 3880 465 3924 non
485 3859 637 3944 exiguum
656 3857 785 3922 videtur
802 3857 902 3922 etiam
921 3856 1058 3922 aliorum
1078 3877 1246 3923 numerum
1265 3859 1429 3946 habuisse,

284 3967 350 4032 illis
383 3965 549 4050 aliquanto
582 3965 780 4030 inferiorum.
829 3961 909 4028 Post
940 3961 1101 4027 Faernum
1134 3961 1260 4028 codices
1294 3965 1361 4030 suis
1394 3967 1428 4031 in

284 4072 471 4139 Terentium
505 4068 782 4156 (instigationibus
815 4067 870 4133 Ge.
902 4067 1071 4134 Fabricius
1103 4066 1205 4154 (Lips.
1239 4069 1339 4158 1574)
1371 4075 1427 4138 ad-

283 4182 400 4264 hibuit,
424 4178 608 4245 Palatinam
630 4177 661 4241 h.
685 4201 710 4242 c.
734 4177 940 4259 Vaticanum,
964 4179 997 4240 et
1019 4179 1240 4260 pervetustum
1264 4178 1427 4244 Werterca-

152 4286 160 4306 ‘
282 4309 359 4354 nam
383 4286 445 4369 (ed.
468 4285 563 4371 Berg.
586 4306 617 4368 p.
641 4281 769 4370 8sqq.).
806 4281 889 4346 Item
912 4281 1036 4348 Rornae
1059 4283 1201 4367 inspexit
1223 4282 1426 4368 Bembinum,

284 4417 323 4460 51
356 4415 457 4478 eoque
489 4413 592 4477 pauca
625 4387 796 4474 adscripsit
828 4387 986 4474 impresso
1019 4389 1179 4474 exemplo,
1216 4411 1278 4474 quo
1312 4391 1426 4457 deinde

284 4499 398 4564 Franc.
411 4497 578 4564 Fabricius
596 4497 631 4564 in
645 4494 921 4563 Aunotationihus
940 4519 1018 4564 usus
1037 4499 1086 4562 est
1103 4499 1231 4580 praeter
1254 4495 1336 4563 alios
1359 4500 1426 4566 tres
