3288 5100
465 481 472 492 .
561 443 639 492 srva
664 441 913 492 nsanonrnvn
936 441 1040 490 mam.
1306 425 1372 491 563

228 585 406 651 fabricator
416 585 595 650 Mamurius
604 585 758 652 Veturius
774 587 859 670 apud
869 585 956 651 Festi
973 585 1186 656 breviatorem
1201 583 1373 650 Paullum?

228 693 274 757 Et
306 697 416 757 tamen
448 715 465 757 e
497 693 618 757 talibus
651 693 858 779 antiquitatis
890 691 1041 776 Latinae,
1075 691 1191 774 Oscae,
1226 689 1374 776 Sabinae,

228 798 369 863 fortasse
393 799 492 864 etiam
514 795 711 882 Etruscae*)
740 798 886 862 latibulis
910 803 1007 883 atque
1035 799 1215 863 recessibus
1239 799 1372 864 immen-

231 927 286 968 sae
310 904 359 968 vir
382 904 548 969 doctrinae
567 903 811 988 indefessaeque
834 904 1012 970 industriae
1035 905 1198 989 putandus
1218 907 1280 969 erit
1302 909 1373 970 tan-

229 1015 301 1075 tum
325 1013 481 1095 quantum
505 1031 586 1094 opus
610 1015 696 1074 esset
720 1009 923 1074 ambitiosius
943 1012 1123 1076 conrasisse
1146 1013 1254 1097 potius
1277 1033 1374 1096 quam

231 1118 374 1182 severius
397 1117 571 1201 delegisse,
594 1117 782 1182 necessitati
801 1117 906 1200 magis
926 1116 1052 1180 cuidam
1075 1119 1240 1201 patienter
1259 1118 1374 1182 cedens

203 1248 328 1310 ‚quam
353 1249 369 1290 e
393 1225 440 1289 rei
464 1225 601 1289 veritate
629 1223 791 1289 artificum
819 1213 1172 1307 dignitatem'metiens
1201 1225 1373 1310 debitaque

230 1354 325 1396 verae
348 1333 463 1397 virtuti
486 1332 631 1416 praemia
654 1331 854 1416 dispensans
887 1330 995 1414 Atque
1017 1353 1034 1395 e
1053 1329 1200 1397 Varrone
1223 1336 1375 1416 excerpta

229 1462 299 1504 esse
323 1461 405 1524 quae
428 1439 467 1503 de
490 1439 644 1522 plastices
664 1437 916 1522 antiquitatibus
938 1439 996 1518 αξ
1018 1438 1081 1502 154
1105 1439 1147 1502 ad
1168 1439 1228 1504 157
1249 1437 1374 1503 Plinius

229 1547 431 1630 perscripsit,
459 1545 635 1609 identidem
663 1544 733 1627 ipae
756 1547 896 1607 testatus
920 1549 979 1608 est.
1022 1543 1110 1620 Quae
1133 1567 1206 1609 cum
1229 1545 1276 1609 ite
1299 1545 1375 1626 sint,
1506 1579 1511 1588 ·

232 1651 370 1716 fortasse
406 1654 537 1735 praesto
580 1651 642 1715 erit
678 1671 772 1734 quem
809 1647 943 1713 Phidiae
982 1651 1157 1716 contulisse
1193 1650 1375 1716 Varronem

231 1757 390 1841 conicias,
416 1756 536 1821 Decius
565 1757 634 1841 ille,
665 1757 756 1820 ouius
784 1757 846 1821 soli
874 1756 980 1823 Plinio
1009 1759 1131 1825 mentio
1159 1759 1293 1822 debetur
1320 1757 1375 1822 lib.

162 1857 167 1866 '
229 1863 369 1928 XXXIV
399 1865 487 1944 §44
519 1863 599 1928 haec
631 1862 794 1946 prodenti:
832 1861 970 1929 ‘habent
1002 1865 1037 1930 in
1070 1865 1181 1929 eodem
1213 1861 1375 1948 Capitolio

231 1969 478 2034 admirationem
502 1972 534 2033 et
557 1969 666 2054 capita
689 1970 766 2054 duo,
790 1991 871 2054 quae
894 1969 930 2034 P.
953 1969 1109 2036 Lentulus
1134 1969 1258 2037 conrul’
1283 1967 1375 2054 (anni

230 2081 267 2140 ut
289 2075 416 2141 videtur
435 2076 499 2141 697
519 2099 551 2141 ιι.
568 2075 609 2161 e.)
633 2075 784 2140 ‘dicavit
808 2077 948 2142 alterum
968 2101 987 2142 a
1006 2077 1144 2144 Charete
1168 2101 1266 2163 supra
1288 2077 1375 2142 dicto

231 2184 369 2249 factum:
393 2184 531 2248 alterum
554 2183 632 2248 fecit
649 2182 778 2267 Decius,
801 2185 1043 2269 comparatione
1062 2186 1095 2250 in
1114 2190 1242 2250 tantum
1261 2185 1376 2266 victus,

122 2281 124 2288 ¹
229 2294 266 2355 ut
294 2291 455 2355 artificum
483 2291 626 2355 minume
654 2290 908 2374 [im]probabilis
941 2291 1113 2356 videatur'.
1155 2290 1220 2355 Vbi
1251 2290 1314 2354 etsi
1341 2289 1376 2352 in

230 2397 465 2482 Bambergensi
490 2397 666 2480 exemplari
690 2395 811 2460 ‘dicus’
836 2397 1063 2480 scriptumest
1084 2419 1143 2481 pro
1167 2394 1318 2480 ‘decius',
1341 2396 1375 2459 in

230 2525 293 2587 quo
327 2503 479 2567 mutilum
511 2503 613 2566 latere
642 2502 758 2567 Graeci
786 2523 905 2566 nomen
933 2503 1082 2587 artificis,
1115 2507 1151 2568 ut
1178 2501 1376 2586 ‘Prodicus',

233 2605 380 2693 Silligius
405 2608 588 2692 suspicatus
608 2612 672 2693 est,
695 2612 804 2673 tamen
828 2631 845 2672 e
868 2611 1021 2675 sescentis
1042 2609 1174 2675 Graecis
1197 2631 1298 2674 unum
1322 2609 1375 2674 vix

229 2715 324 2778 nobis
360 2714 591 2798 persuademus
628 2717 720 2779 tanto
760 2737 832 2780 cum
871 2715 1013 2800 pondere
1054 2721 1186 2801 tamque
1228 2716 1375 2800 quaesito

232 2821 379 2884 acumine
402 2822 481 2885 item
500 2819 625 2886 Graeco
645 2823 761 2886 artifici
781 2821 913 2887 Chareti
938 2823 1124 2906 oppositum
1143 2845 1221 2886 esse.
1254 2819 1377 2886 Contra

232 2926 373 2992 Graecae
397 2927 501 2991 laudis
522 2928 666 2992 aemulus
685 2927 853 2993 Romanus
876 2927 975 2993 homo
994 2929 1160 2993 commode
1183 2928 1376 3012 perspicitur

232 3057 296 3119 quo
328 3034 464 3100 consilio
493 3035 698 3100 succubuisse
731 3035 860 3119 quidem
892 3034 1034 3118 dicatur,
1067 3035 1123 3099 red
1154 3035 1289 3100 honeste
1318 3057 1377 3098 nec

231 3129 426 3206 sine'laude
454 3141 669 3206 succubuisse.
715 3140 802 3205 Nam
825 3138 1084 3224 ‘improbabilis’
1113 3145 1149 3205 ut
1171 3163 1244 3205 cum
1267 3138 1376 3204 Fride-

230 3247 298 3312 rico
327 3247 516 3312 Thierschio
549 3247 588 3312 de
622 3247 753 3332 epochis
782 3247 862 3312 artis
891 3247 1033 3312 Graecae
1064 3269 1095 3330 p.
1118 3247 1182 3311 297
1217 3245 1377 3312 scribatur

231 3375 290 3435 pro
319 3377 356 3418 eo
385 3355 471 3438 quod
504 3355 539 3418 in
570 3354 662 3418 libris
695 3353 861 3438 proditum
889 3357 941 3418 est
964 3352 1191 3436 ‘probabilis',
1222 3353 1294 3436 ipsa
1326 3353 1375 3417 vis

232 3459 413 3524 sententiae
437 3463 471 3522 et
493 3480 627 3524 acumen
646 3459 863 3542 oppositionis
883 3459 997 3543 erigit:
1022 3463 1135 3524 contra
1158 3464 1255 3544 atque
1273 3459 1375 3523 Brun·

143 3643 150 3654 ι
233 3564 306 3628 nius
331 3565 447 3629 statuit
469 3565 505 3628 in
527 3564 676 3631 Historia
699 3567 858 3630 artificum
881 3565 944 3631 vol.
966 3565 981 3628 I
1004 3588 1035 3649 p.
1059 3567 1133 3632 602.

304 3737 329 3808 ·)
353 3739 394 3794 De
419 3738 463 3793 his
486 3739 561 3794 enim
585 3739 684 3796 Italiae
706 3740 851 3810 gentibus,
874 3757 930 3795 non
953 3739 988 3795 de
1012 3739 1137 3810 Graecis,
1165 3744 1197 3796 ut
1219 3740 1374 3797 Merclrlino

232 3827 323 3882 visum
342 3847 367 3898 p.
390 3835 422 3881 13
442 3828 534 3900 [540],
557 3829 742 3899 cogitavimus
761 3847 823 3884 cum
841 3829 962 3884 Graecos
981 3829 1101 3885 diximrm
1119 3831 1215 3900 paullo
1233 3831 1375 3885 liberalius

232 3915 458 3986 interpretandos
478 3934 537 3972 esse
555 3919 664 3973 exteros
683 3917 786 3988 videri,
806 3919 994 3975 Romanorum
1013 3919 1041 3974 iu
1060 3920 1152 3975 locum
1168 3919 1376 3974 substituendos

230 4005 316 4060 Italos
334 4005 436 4075 potius.
