3184 5108
558 431 629 477 nan
652 429 811 476 orsurus
834 427 975 478 eronus.
1272 409 1333 474 ‘131

283 595 320 638 cx
353 571 479 658 Africa,
512 594 608 658 quem
641 596 768 640 summo
802 593 961 639 consensu
992 569 1200 656 poposcimus
1233 569 1337 635 invito
1352 593 1393 634 sor

283 680 412 764 quidem
437 679 575 746 Caesare
598 683 631 746 ct
654 681 837 764 resistente,
859 701 924 745 non
947 678 1034 764 quod
1056 677 1119 743 tibi
1141 698 1241 762 puero
1259 675 1339 741 invi·

198 787 238 852 15
283 786 385 872 deret,
418 787 474 852 sed
505 809 545 853 ne
568 788 681 852 Africa
714 809 866 854 coronam
889 785 1001 871 magni
1023 783 1112 850 Iovis
1140 783 1338 869 attingeret?

283 930 326 942 -
355 891 444 970 Quae
477 916 550 959 curn
582 915 633 958 me
665 895 788 960 videret
818 892 996 959 verecunde
1029 894 1274 978 agnoscentem,
1305 891 1340 955 in

284 1001 467 1085 amplexum
500 1001 674 1066 effunditur
701 1006 747 1086 et,
780 1024 867 1086 ama,
898 999 1018 1084 inquit,
1050 999 1152 1084 igitur
1179 997 1340 1064 fautorem

283 1112 383 1173 tuum.
409 1145 453 1155 -
477 1107 596 1185 Quidni
619 1108 746 1174 amem?
768 1143 806 1156 -
827 1107 874 1172 Et
896 1129 993 1171 manu
1017 1105 1209 1170 alterutrum
1232 1108 1341 1170 tenen-

283 1219 333 1278 tes
362 1214 547 1280 avidissime
569 1219 756 1280 nascentem
780 1215 957 1280 amicitiam
980 1213 1240 1295 foederabamus,
1268 1235 1340 1278 curn

196 1321 239 1386 20
283 1321 339 1384 ille
364 1321 454 1386 brevi
478 1321 650 1387 intervallo
673 1345 761 1407 usus,
784 1326 817 1386 et
840 1320 917 1407 quid
940 1325 985 1406 tu,
1008 1320 1123 1404 inquit,
1145 1322 1215 1383 tam
1233 1318 1287 1385 diu
1306 1319 1341 1383 in

284 1427 346 1493 hac
373 1429 562 1512 provincia?
599 1452 658 1494 nec
687 1429 721 1493 in
748 1433 893 1494 nostram
916 1425 1085 1492 Baeticam
1112 1426 1255 1491 excurris
1281 1447 1342 1492 nec

285 1534 399 1599 urbem
426 1535 517 1599 illam
544 1535 673 1619 revisis,
700 1535 756 1600 ubi
784 1557 895 1604 versus
925 1535 973 1599 tui
997 1533 1213 1598 electoribus
1236 1532 1341 1598 conci·

284 1643 406 1703 nuntur
429 1645 463 1704 et
485 1641 519 1705 in
541 1640 613 1706 foro
638 1640 726 1706 omni
750 1640 948 1706 clarissimus
971 1641 1025 1704 ille
1049 1640 1088 1704 de
1107 1638 1210 1705 Dacia
1231 1639 1342 1704 trium-

285 1745 370 1830 phus
398 1747 544 1812 exultat?
583 1751 717 1832 potesne
745 1769 818 1813 cum
842 1745 907 1812 hoc
938 1746 1095 1832 singulari
1118 1745 1248 1831 ingenio
1272 1751 1342 1812 tan·

198 1854 241 1917 25
285 1857 383 1938 taque
400 1857 519 1918 natura
536 1855 767 1938 provincialem
785 1854 945 1920 latebram
965 1853 1056 1938 pati?
1078 1853 1162 1917 nihil
1175 1856 1209 1917 te
1223 1854 1341 1918 caritas

287 1960 391 2046 urbis,
414 1961 497 2026 nihil
520 1961 574 2026 ille
597 1961 742 2046 gentium
767 1962 901 2044 [victor]
925 1961 1078 2046 populus,
1105 1960 1188 2026 nihil
1212 1963 1342 2026 senatus

287 2067 417 2132 movet?
430 2067 522 2132 -nihil
545 2069 681 2154 denique
704 2069 759 2134 lux
778 2072 812 2134 et
828 2069 938 2154 fulgor
955 2068 1059 2134 felicis
1078 2068 1214 2152 imperii,
1237 2067 1291 2152 qui
1310 2068 1344 2133 in

289 2197 322 2240 se
354 2175 442 2260 rapit
474 2179 572 2260 atque
605 2176 765 2242 convertit
797 2175 942 2242 omnium
971 2175 1082 2240 oculos
1110 2173 1278 2238 hominum
1306 2197 1344 2240 ac

288 2282 444 2348 deorum?
463 2319 506 2330 -
525 2285 633 2370 Atque
656 2305 717 2370 ego
738 2285 826 2349 varic
851 2283 1071 2367 perturbatus,
1095 2279 1173 2365 quid
1191 2301 1276 2346 nunc
1294 2280 1343 2346 vis

199 2389 242 2453 30
287 2389 349 2453 tibi
376 2389 611 2472 respondeam?
644 2412 663 2455 o
692 2389 838 2474 quisquis
865 2410 913 2472 es,
943 2387 1024 2452 mihi
1047 2409 1173 2472 quoque
1196 2387 1261 2472 ipsi
1283 2387 1344 2454 hoc

287 2495 374 2560 idem
406 2495 523 2559 mirum
551 2496 653 2561 videri
681 2496 779 2580 solet,
810 2495 897 2580 quod
923 2517 990 2561 non
1016 2495 1140 2562 Romae
1167 2517 1281 2561 morer.
1304 2529 1342 2542 -

289 2599 350 2666 Sed
382 2601 465 2666 nihil
498 2605 548 2666 est
579 2601 741 2667 difficilius
775 2625 872 2688 quam
904 2603 1066 2669 rationem
1098 2601 1230 2667 reddere
1254 2603 1345 2667 actus

287 2709 344 2773 tui.
372 2745 417 2756 -
443 2708 549 2785 Quare
582 2709 691 2774 desine
724 2732 775 2774 me
806 2710 840 2774 in
869 2711 1060 2776 memoriam
1086 2709 1228 2794 priorem
1255 2708 1345 2774 redu-

289 2816 390 2881 cendo
418 2815 534 2880 vulnus
563 2815 711 2881 dolorum
734 2837 879 2881 meorum
902 2817 1093 2882 rescindere.
1138 2817 1281 2902 propitia
1303 2817 1346 2881 sit

73 2957 75 2962 ·
201 2923 244 2989 35
289 2924 348 2989 illa
375 2923 504 3008 civitas,
536 2927 569 2988 ct
595 2923 744 2990 fruantur
771 2925 842 3008 illa,
875 2923 993 3010 quibus
1020 2923 1153 2990 fortuna
1174 2923 1346 3008 permittit.

290 3031 377 3116 quod
405 3031 445 3095 ad
473 3053 524 3094 me
551 3030 707 3116 perlinat,
736 3053 774 3095 ex
797 3031 854 3096 illo
879 3031 944 3116 die,
975 3031 1065 3096 ouius
1088 3035 1125 3095 tu
1147 3031 1229 3096 mihi
1252 3032 1346 3097 lestis

289 3161 337 3223 os,
366 3141 539 3223 postquam
569 3141 713 3222 ereptam
741 3138 891 3204 manibus
920 3141 953 3203 et
975 3137 1075 3222 capiti
1098 3159 1250 3204 coronam
1274 3161 1346 3206 meo

290 3245 368 3331 vidi,
390 3249 462 3311 tota
480 3267 581 3331 mens,
604 3249 693 3312 totus
718 3245 844 3310 animus
867 3244 985 3310 resiliit
1003 3247 1099 3329 atque
1118 3243 1287 3310 abhorruit
1305 3245 1346 3311 ab

289 3353 350 3418 illa
372 3353 513 3438 civitate,
537 3353 679 3437 adeoque
704 3375 775 3417 sum
798 3373 969 3437 percussus
993 3353 1025 3415 et
1043 3354 1269 3417 consternatus
1287 3352 1346 3417 illo

201 3460 245 3522 40
291 3459 417 3543 dolore,
444 3464 482 3524 ut
509 3461 636 3544 patriae
663 3451 803 3545 quoque¹
819 3481 910 3524 meae
934 3459 1055 3523 oblitus
1080 3461 1139 3540 [et]
1163 3460 1347 3544 parentium

290 3566 532 3632 carissimorum
551 3567 670 3632 similis
683 3567 806 3632 furenti
818 3565 882 3630 huo
896 3569 930 3630 et
943 3565 1022 3630 illuc
1035 3585 1136 3650 vagor
1149 3585 1206 3650 per
1220 3564 1348 3632 diversa

290 3675 459 3738 terrarum.
481 3709 524 3718 -
546 3671 593 3736 Et
619 3673 691 3757 ille,
721 3693 804 3757 quae
826 3675 937 3736 tamen
958 3672 1031 3737 loca
1054 3693 1174 3756 quasve
1196 3672 1347 3757 regiones

292 3777 497 3864 peragrasti?
518 3815 559 3826 —
580 3777 615 3844 Si
637 3780 684 3844 ita
706 3779 854 3865 indulges
874 3779 952 3864 otio,
974 3779 1070 3864 plane
1090 3799 1188 3864 quam
1205 3779 1348 3844 breviter

293 3908 462 3972 exponam,
483 3908 543 3952 nec
566 3887 688 3952 invitus
711 3886 856 3971 priorum
879 3886 1082 3952 recordabor.
1105 3886 1247 3970 primum
1271 3883 1348 3952 Sici·

203 3991 247 4057 45
292 3993 372 4057 liam
393 3993 537 4058 nobilem
560 3991 628 4058 vidi
646 3992 857 4058 domesticam
876 3987 1012 4060 Cereris.
1042 3993 1215 4058 secundam
1234 3993 1348 4059 deinde

293 4098 410 4166 Creten
438 4101 580 4184 patriam
606 4099 778 4184 Tonantis,
806 4103 839 4164 et
866 4123 885 4166 a
913 4101 1013 4165 latore
1040 4100 1163 4165 vicinas
1187 4097 1347 4185 Cycladas

294 4206 442 4272 salutavi.
488 4207 562 4271 inde
590 4228 641 4272 me
669 4205 816 4290 Rhodos,
844 4211 877 4271 at
904 4207 946 4272 ab
974 4227 1123 4292 regressu
1146 4207 1348 4294 Aegyptium

292 4314 428 4400 pelagus
452 4313 608 4397 [allexit],
635 4317 672 4377 ut
694 4335 752 4379 ora
773 4311 844 4378 Nili
867 4313 1009 4378 viderem
1032 4317 1066 4378 st
1087 4313 1243 4397 populum
1266 4335 1347 4380 sem·
1361 4335 1402 4377 sos

292 4443 351 4508 per
372 4422 408 4486 in
425 4421 556 4506 templis
576 4421 717 4486 otiosum
735 4421 924 4505 peregrinae
943 4419 1021 4485 deae
1040 4419 1139 4485 sistra
1155 4421 1348 4505 pulsantem.

208 4531 251 4596 50
297 4529 370 4596 inde
403 4551 513 4596 rursus
536 4526 667 4594 Italiam
699 4527 792 4614 redii,
825 4532 857 4593 et
889 4526 998 4595 taedio
1026 4527 1127 4594 maris
1153 4547 1226 4593 oum
1249 4529 1348 4600 medi·
