3274 5114
493 320 530 368 nr
553 320 663 368 vrrsu
687 321 852 370 rnaunru
876 319 1158 370 conunursmvs.
1331 303 1395 369 215

362 677 415 744 IN
439 679 593 744 VITAM
616 679 857 745 TERENTII
882 677 1283 746 COMMENTARIVS.

338 856 377 920 ln
396 857 465 922 vita
483 858 625 922 Terentii
645 859 845 924 emendanda
868 864 964 944 atque
988 859 1173 924 adnotanda
1196 856 1312 942 quibus
1331 855 1393 920 Do·
1407 881 1446 920 aar

252 963 321 1026 nati
353 964 515 1029 codicibus
549 988 626 1030 usus
659 966 735 1048 sim,
768 965 833 1030 dixi
863 989 893 1049 p.
916 966 959 1029 26
987 964 1063 1028 libri
1096 962 1394 1028 Reifferscheidiani

253 1072 363 1153 [supra
386 1092 416 1153 p.
431 1072 519 1152 204].
566 1070 613 1135 De
638 1071 776 1156 singulis
801 1071 848 1136 sic
871 1070 999 1135 habeto.

337 1177 370 1240 A
403 1176 661 1262 antiquissimus,
694 1177 733 1242 de
766 1199 829 1263 quo
859 1177 986 1262 quidem
1016 1180 1156 1260 constet,
1188 1175 1392 1240 Parisinus

251 1282 336 1346 7920
360 1287 423 1368 est,
455 1283 584 1348 saeculo
608 1301 646 1347 xl
669 1283 703 1348 in
727 1285 923 1350 membranis
947 1285 1099 1367 scriptus,
1128 1283 1208 1346 olim
1230 1282 1295 1346 nisi
1319 1304 1391 1346 con·

248 1389 371 1454 iectura
398 1389 487 1454 fallit
509 1389 619 1454 lodoci
643 1388 737 1453 Badii
760 1389 923 1474 Ascensii,
956 1391 997 1455 ab
1027 1390 1088 1454 hoc
1111 1410 1230 1474 genero
1254 1411 1312 1454 suo
1337 1389 1392 1454 do-

247 1499 343 1561 natus
374 1495 519 1562 Roberto
549 1493 729 1580 Stephano,
761 1499 836 1579 post
866 1519 886 1562 a
915 1497 1012 1562 Petro
1043 1495 1180 1560 Daniele
1212 1517 1390 1579 possessus.

248 1601 323 1667 Non
347 1603 464 1687 exiguo
488 1603 516 1666 is
540 1603 611 1667 usui
634 1624 707 1666 curu
732 1601 866 1668 editioni
886 1601 1124 1686 Stephanianac
1147 1602 1211 1666 fuit
1229 1607 1298 1665 tum
1318 1601 1390 1665 Lin-

246 1707 514 1773 denbruchianae.
560 1709 731 1774 Praeterea
759 1709 830 1774 fieri
858 1713 967 1792 potest
995 1713 1031 1772 ut
1058 1709 1123 1772 iam
1147 1707 1275 1772 saeculo
1299 1725 1346 1770 xv
1370 1731 1390 1772 a

246 1813 390 1879 Terentii
414 1816 537 1880 editore
556 1837 620 1882 uno
645 1819 678 1880 et
701 1817 778 1880 item
803 1814 906 1880 altero
925 1815 1089 1897 inspectus
1105 1813 1156 1878 sit.
1172 1851 1213 1859 —
1229 1813 1388 1877 Flecteris

245 1921 418 2006 codicibus,
441 1944 521 2006 quos
546 1923 673 1988 saeculo
693 1940 741 1986 xv
760 1921 898 2006 scriptos
921 1920 1162 1985 noviciorum
1182 1920 1233 1985 rel
1252 1920 1388 1984 deterio-

245 2049 315 2092 rum
338 2029 468 2093 nomine
492 2029 697 2114 complector,

327 2135 366 2199 Β
397 2135 476 2198 item
509 2135 713 2199 Parisinus
747 2140 797 2200 est
829 2135 929 2218 7921,
961 2134 1160 2210 chartaceus.
1206 2133 1387 2218 Vtrumque

244 2262 362 2326 magna
385 2263 458 2304 cum
482 2261 559 2304 cura
581 2240 736 2305 [ludovici
758 2239 871 2305 Rothii
896 2263 1012 2304 caussa
1030 2239 1167 2305 lacobus
1182 2239 1387 2305 Hnnzikerus

244 2346 412 2412 Helvetius
450 2346 603 2410 contulit:
644 2346 727 2411 unde
764 2347 1011 2430 discrepantiam
1046 2347 1223 2430 scripturae
1257 2367 1385 2410 omnem
1439 2352 1452 2371 ⁰

244 2453 380 2518 Rothius
405 2453 437 2516 in
456 2452 570 2517 Museo
593 2451 706 2536 philol.
725 2451 880 2517 Rhenano
905 2452 1052 2518 exhibuit
1075 2453 1137 2517 vol.
1155 2469 1203 2516 ΧΗ
1227 2451 1269 2538 (a.
1288 2452 1385 2538 1857)

242 2581 272 2642 p.
298 2561 361 2624 174
375 2581 460 2644 sqq„
493 2559 645 2622 selectam
674 2559 706 2622 in
735 2557 937 2642 praefatione
966 2557 1114 2624 Suetonii
1142 2558 1271 2642 Lipsiae
1300 2559 1385 2642 apud

234 2665 278 2730 B.
301 2665 339 2730 G.
363 2664 569 2728 Teubnerum
598 2687 625 2728 a
652 2663 735 2728 1858
765 2687 784 2728 a
812 2687 845 2728 se
870 2665 947 2729 editi
970 2688 1001 2749 p.
1025 2683 1134 2729 Lxx1x
1150 2688 1196 2750 sq.
1242 2665 1383 2730 Eosdem

243 2777 350 2836 autem
379 2770 505 2836 codices
530 2792 602 2833 cum
626 2769 751 2854 aliquot
774 2770 868 2834 annis
893 2775 966 2835 ante
989 2770 1170 2836 Ludovicus
1194 2769 1382 2853 Schopenus

241 2881 359 2960 noster,
383 2877 458 2941 dum
477 2875 612 2941 Parisiis
636 2876 735 2960 degit,
759 2898 834 2941 suos
858 2878 890 2941 in
916 2901 991 2942 usus
1016 2878 1112 2942 solita
1136 2876 1307 2960 diligentia
1330 2899 1382 2942 ex·

241 2985 394 3048 cussisset
419 2983 551 3067 eiusque
575 2982 777 3068 conlationis,
800 3006 863 3068 qua
886 2989 936 3048 est
959 2989 992 3048 et
1015 2983 1212 3048 liberalitate
1232 2986 1265 3046 ct
1284 2985 1381 3049 comi-

239 3209 352 3265 Poblius
373 3209 503 3279 gentibus
522 3209 608 3264 dabat
627 3209 750 3280 Scaliyer
767 3215 791 3265 ct
810 3209 925 3280 Poplius
944 3211 1031 3266 dabat
1048 3211 1178 3282 gentibus
1201 3217 1381 3281 transponens

239 3300 437 3356 Fleckeisenas.
452 3298 529 3368 leges
540 3299 671 3368 gentibus
686 3301 726 3354 vel
739 3316 819 3369 reges
828 3299 959 3370 gentibus
967 3301 999 3354 in
1009 3306 1127 3355 moratro
1136 3301 1290 3370 erupturae
1299 3303 1382 3356 latere

241 3388 386 3458 Rntqersio
417 3389 521 3454 vnum,
556 3403 645 3458 regna
678 3387 840 3444 nationibus
870 3388 1002 3455 Boethio,
1035 3390 1147 3460 regibus
1181 3393 1229 3457 (ac
1254 3389 1379 3460 populis)

239 3477 339 3532 Kcilio.
364 3493 456 3530 noune
475 3493 534 3530 cum
553 3475 701 3546 Rntpersio
719 3481 869 3544 expetentes
886 3479 1067 3546 redamabat
1079 3478 1203 3533 Nartiae
1219 3478 1308 3532 Valer.
1319 3479 1379 3534 Cat.

233 3584 263 3634 p.
282 3571 340 3622 210
425 3563 576 3619 8Summ0
595 3565 643 3618 ille
662 3565 766 3619 honore
785 3565 957 3619 Bitsclaeliua.
986 3583 1094 3620 summo
1112 3566 1217 3621 honore
1236 3567 1302 3620 libri
1320 3584 1380 3621 cunr

238 3655 286 3721 Ie,
305 3655 361 3708 nist
379 3653 451 3722 quod
470 3670 549 3718 sumo
567 3654 602 3708 B.
628 3652 739 3706 Honore
758 3669 867 3708 summo
886 3653 1023 3708 Erasmus
1093 3659 1109 3707 9
1129 3653 1182 3707 due
1199 3651 1310 3708 ‘Boon

238 3743 420 3813 appollodoro
438 3741 556 3796 BODE.
581 3741 752 3812 appolodoro
773 3741 804 3795 Z.
828 3741 999 3810 Apollodoro
1019 3741 1127 3796 Caricio
1146 3743 1186 3810 (h.
1201 3759 1221 3796 e.
1242 3741 1379 3812 Carystio)

242 3831 307 3885 Vita
328 3831 388 3886 Ter.
403 3831 588 3885 Ambrosiam
606 3831 682 3897 (odd.
702 3829 844 3885 Euthiam
861 3831 893 3884 in
912 3831 989 3886 Mus.
1007 3830 1094 3886 Rhea.
1113 3849 1141 3886 n.
1162 3831 1235 3884 XII
1247 3848 1277 3900 p.
1298 3837 1379 3900 188).-

235 3921 320 3988 qnode
339 3920 374 3986 cf.
396 3919 511 3988 Parcrp.
532 3919 576 3972 Pl.
598 3919 619 3970 1
631 3935 663 3987 p.
683 3923 740 3974 325
812 3917 949 3973 translate
967 3918 1104 3974 ABODZ
1175 3919 1279 3975 comice
1297 3920 1378 3975 BOD

306 4007 407 4063 formio
426 4006 507 4061 BCD
582 3993 663 4060 10'et
680 4005 768 4060 om.A
842 4005 928 4075 ekyra
946 4006 982 4062 A.
1001 4007 1097 4062 hecira
1113 4007 1202 4062 BCD.
1221 4025 1322 4077 aecyra
1340 4009 1375 4063 E.

234 4131 326 4201 Ecyra
335 4131 368 4186 Z.
388 4129 484 4184 schira
493 4128 528 4184 F.
548 4105 701 4200 hechiiaG
773 4128 880 4196 relique
894 4129 1004 4183 AODZ
1075 4137 1106 4184 11
1127 4147 1259 4185 succensu
1272 4134 1302 4184 et
1320 4133 1374 4188 Eo.

235 4237 368 4292 successit
386 4239 416 4292 at
438 4237 496 4290 BD
593 4231 688 4302 precio
707 4233 794 4288 ΑΒΕ*
891 4252 1013 4290 eunucus
1030 4237 1111 4290 BGD
1219 4253 1319 4308 aecyra
1338 4241 1374 4296 E.

234 4326 326 4396 Ecyra
345 4324 377 4377 Z.
405 4323 521 4378 hecbira
539 4321 573 4376 G.
597 4323 667 4378 baec
686 4321 729 4378 ira
747 4325 782 4379 A.
807 4325 877 4387 haec
896 4323 991 4390 echira
1009 4325 1040 4378 F
1113 4342 1177 4397 sepa
1196 4326 1251 4379 AB
1343 4335 1374 4387 12

234 4414 330 4469 nixata
347 4414 375 4468 A
