3294 5104
478 397 718 456 ovans'novns
743 394 1078 443 ouonaroroarcan.
1284 374 1347 439 347

206 542 267 606 hoc
294 561 412 624 genere
440 541 542 604 abvrsu
571 544 702 622 postera
730 538 918 604 Latinorum
948 537 1144 602 consuetudo
1173 537 1205 599 in
1233 556 1349 618 graeco

207 647 379 726 Ἀγροίτιοε
408 645 538 710 nomine
568 641 720 730 (quocum
745 644 908 724 Ἀγροίταε
938 642 1178 728 conferendum)
1203 637 1351 726 probavit

206 755 360 837 Aprytdvs
392 752 602 835 scripturam,
633 755 717 816 teste
750 752 822 834 ipso
856 751 1013 836 Agroetio
1048 750 1132 832 apud
1162 748 1351 814 Putschium

207 886 237 946 p.
262 860 363 926 2265:
393 859 445 923 vel
473 859 610 944 denique
639 859 724 942 quod
753 883 772 922 a
799 859 939 942 pristina
966 879 999 922 oe
1022 858 1073 922 vel
1096 859 1126 922 oi-
1149 855 1352 940 diphthongo

207 968 246 1033 ad
271 989 293 1032 a
313 965 456 1032 vocalem
474 966 547 1050 ipsa
567 966 715 1030 latinitas
736 965 902 1030 descendit
919 966 953 1028 in
973 965 1075 1028 leodac
1093 984 1210 1030 monaca
1227 983 1353 1027 moedus

208 1096 296 1140 coerc
311 1074 423 1156 poeaio
447 1092 540 1136 oenus
563 1077 595 1134 et
617 1071 787 1136 similibus,
824 1071 954 1136 Etenim
974 1071 1058 1154 quod
1077 1070 1139 1134 huc
1159 1071 1262 1135 solum
1283 1091 1351 1152 per-

207 1182 290 1246 tinet
309 1184 341 1244 et
359 1184 515 1262 tanquam
535 1177 575 1242 ad
595 1177 750 1242 amussim
770 1177 906 1261 quadrat
920 1181 1049 1259 praeter
1064 1181 1179 1261 cetera,
1198 1177 1278 1240 illud
1296 1179 1354 1259 est,

211 1288 296 1372 quod
316 1287 424 1352 dedita
448 1307 546 1369 opera
569 1287 602 1348 et
625 1287 730 1350 certae
750 1284 915 1349 doctrinae
934 1284 1005 1367 lege
1025 1283 1143 1346 scimus
1163 1306 1181 1347 υ
1201 1283 1355 1366 vocalem,

208 1417 271 1479 quo
296 1394 463 1479 propriam
486 1394 629 1476 ipsorum
649 1391 846 1457 Graecorum
871 1389 1169 1475 pronuntiationem
1190 1390 1352 1454 imitaren-

208 1507 270 1584 tur,
295 1500 412 1565 latinos
436 1499 611 1583 magistros
634 1520 701 1562 non
723 1519 746 1562 a
769 1497 819 1562 vel
842 1496 996 1578 ilicem,
1020 1495 1075 1559 sed
1099 1517 1131 1560 oc
1150 1495 1354 1579 diphthongo

209 1606 344 1691 exprimi
372 1605 518 1669 iussisse:
550 1605 612 1670 hoc
640 1609 690 1668 est
718 1627 788 1668 eam
817 1604 976 1684 vocalem,
1006 1602 1095 1666 cuius
1123 1602 1355 1666 iucunditatem

210 1712 446 1790 Quinctilianus
476 1709 554 1792 XII,
587 1712 640 1792 10,
671 1712 712 1775 27
748 1710 892 1793 negabat
926 1709 993 1773 ulla
1028 1709 1139 1772 littera
1170 1709 1273 1772 latina
1306 1729 1356 1770 ex-

210 1820 352 1904 aequari.
397 1818 503 1882 Testis
528 1817 596 1882 eius
621 1817 786 1882 doctrinae
810 1815 972 1880 Maximus
996 1815 1183 1880 Victorinus
1207 1837 1236 1898 p.
1259 1814 1357 1878 1945:

209 1926 355 1991 ‘litterae
387 1924 575 2008 peregrinae
603 1927 679 1988 sunt
705 1944 723 1988 a
751 1927 783 1987 et
809 1945 843 2008 p,
873 1945 955 2007 quae
985 1924 1201 2007 [peregrinae]
1226 1923 1357 2004 propter

210 2055 327 2118 graeca
355 2031 512 2116 quaedam
536 2039 720 2114 assumptae
744 2034 821 2095 sunt
844 2035 880 2094 ut
903 2029 1008 2114 Hylas
1030 2029 1194 2114 aqrbyrus:
1224 2051 1306 2112 quae
1330 2027 1358 2092 si

210 2163 274 2206 non
303 2142 425 2222 essent,
452 2138 570 2203 Hoclae
600 2143 632 2202 et
654 2139 834 2221 srlcplrocras
857 2135 1066 2202 diceremus':
1099 2136 1154 2200 ubi
1178 2134 1358 2216 cclcplrocras

212 2269 270 2330 pro
295 2269 333 2310 eo
358 2245 443 2328 quod
467 2243 620 2328 vulgatur
641 2245 788 2327 deplrcrus
807 2244 909 2307 multo
930 2243 1144 2308 confidentius
1164 2241 1357 2323 amplecten-

215 2353 290 2418 dum
314 2375 411 2437 quam
437 2375 455 2416 a
479 2351 574 2416 Oonr.
597 2350 694 2433 Leop.
720 2349 914 2414 Schneidero
938 2368 1074 2432 gramm.
1093 2347 1154 2430 l,1
1181 2369 1211 2430 p.
1231 2347 1294 2409 377
1311 2368 1358 2428 sq.

212 2462 334 2526 factum
373 2463 431 2522 est.
486 2457 531 2520 Et
567 2458 601 2520 in
636 2456 715 2538 ipsis
747 2455 874 2538 quidem
907 2454 1013 2537 Hylas
1044 2453 1193 2554 zephyria
1225 2451 1358 2516 vocibus

211 2589 324 2650 reapse
355 2566 510 2628 usitatam
538 2563 629 2626 illam
659 2585 717 2646 per
739 2583 772 2626 oe
796 2562 989 2644 scripturam
1014 2559 1278 2644 unquamfuisse
1303 2561 1360 2622 aut

211 2677 289 2758 puto
320 2693 385 2736 non
416 2669 521 2734 voluit
550 2668 656 2732 elicere
687 2667 919 2753 grammaticus
949 2671 1005 2732 aut
1033 2674 1118 2732 certe
1142 2689 1209 2730 non
1233 2666 1359 2730 debuit:

212 2779 297 2863 quod
329 2780 443 2842 contra
473 2775 514 2840 ad
547 2775 678 2860 longam
712 2798 730 2839 υ
763 2774 908 2838 vocalem
941 2795 1052 2838 revera
1085 2772 1359 2837 accommodatam

213 2907 282 2949 esse
310 2883 439 2967 paucis,
468 2880 524 2946 scd
552 2881 599 2945 eis
627 2902 693 2944 non
717 2879 823 2943 dubiis
847 2879 1002 2962 exemplis
1026 2877 1227 2942 credendum.
1274 2875 1359 2940 Nam

212 2992 352 3074 primurn
376 2990 429 3054 vix
455 2987 588 3052 dubium
612 2986 720 3067 ipsum
741 2984 820 3048 illud
840 2983 1146 3048 Antamocnides
1166 2983 1359 3048 habendum.

216 3097 286 3173 Quo
315 3097 413 3160 etiam
443 3093 574 3178 gravius
603 3095 733 3176 praesto
763 3094 813 3156 est
840 3112 906 3155 non
930 3091 964 3154 in
989 3091 1119 3156 scholae
1142 3092 1258 3155 umbra
1281 3090 1358 3154 deli-

215 3207 353 3284 tescena,
385 3202 441 3266 sed
470 3201 601 3285 publico
630 3200 855 3283 communique
884 3221 942 3264 usu
974 3198 1110 3262 inlustre
1133 3197 1281 3262 Moesia
1304 3220 1359 3261 no·

214 3329 296 3391 men,
320 3331 383 3392 quo
407 3311 537 3372 constat
555 3309 613 3386 τὴν
632 3307 668 3372 ἐν
687 3313 725 3388 τῇ
744 3306 879 3387 Εὐρώπῃ
901 3305 1046 3370 Μυείαν
1065 3304 1200 3368 dictam:
1224 3325 1359 3388 quorum

214 3413 381 3478 nominum
406 3419 551 3478 mutuam
572 3413 731 3476 rationem
750 3411 843 3476 illam
862 3434 921 3475 sua
940 3413 1055 3493 sponte
1074 3410 1276 3495 intellegitur
1295 3432 1360 3473 non

216 3519 351 3602 infringi
376 3542 413 3583 eo
437 3520 521 3602 quod
545 3523 578 3584 et
600 3520 709 3602 Mysia
733 3517 818 3582 lraud
843 3539 916 3580 raro
941 3540 961 3581 a
984 3516 1096 3580 latinis
1120 3517 1170 3580 vel
1195 3517 1360 3599 scriptori-

216 3624 276 3688 bus
306 3625 357 3688 vel
387 3625 529 3689 librariis
560 3625 727 3709 provincia
750 3623 924 3707 Europaea
951 3623 1037 3687 dicta
1064 3626 1114 3686 est
1143 3627 1175 3686 et
1199 3623 1238 3685 ad
1263 3622 1361 3685 Asiae

216 3729 384 3814 regionem
397 3729 520 3796 Moesia
543 3733 703 3816 scriptura
722 3731 838 3796 saltem
858 3751 877 3793 a
896 3729 1039 3798 librariis
1059 3728 1220 3794 translata
1240 3727 1361 3790 talibus

217 3837 374 3922 exemplis
407 3838 517 3922 qualia
540 3838 734 3904 Munckerus
767 3837 933 3922 congessit
964 3837 997 3900 in
1022 3834 1147 3920 Hygini
1176 3833 1240 3897 fab.
1264 3833 1305 3897 99
1330 3839 1362 3898 et

215 3944 362 4010 Dukerus
392 3944 426 4008 in
449 3943 537 4010 Flori
561 3943 617 4028 IV,
643 3947 696 4028 12,
723 3945 776 4010 13:
805 3944 921 4029 quibus
946 3942 1132 4008 Perizonius
1156 3939 1229 4005 addi
1254 3943 1363 4023 potest

215 4050 385 4114 Animadv.
418 4049 494 4114 hist.
527 4073 558 4134 p.
581 4052 646 4115 447
676 4051 724 4115 cd.
747 4049 839 4115 Harl.
886 4049 974 4125 (tuae
1007 4072 1080 4113 cum
1108 4049 1156 4112 ita
1184 4047 1262 4130 sint,
1295 4047 1361 4110 iam

215 4157 325 4222 licebit
349 4179 368 4220 a
391 4157 564 4221 mendosae
590 4157 769 4239 scripturae
788 4155 970 4238 suspitione
989 4154 1198 4220 Gronoviana
1216 4151 1362 4235 (Observ.

215 4261 271 4347 IV,
296 4262 337 4328 15
359 4285 390 4348 p.
415 4265 476 4328 701
499 4285 545 4347 sq.
570 4262 689 4347 Platn.)
712 4263 846 4326 tertium
870 4261 1051 4343 exemplum
1076 4258 1254 4342 vindicare,
1278 4259 1363 4341 quod

217 4375 267 4434 est
290 4367 417 4434 Siculae
440 4370 530 4434 urbis
554 4390 672 4433 nomen
697 4369 834 4450 Μυλαί,
864 4366 1023 4450 producta
1046 4364 1150 4427 vocali
1174 4365 1281 4431 versui
1304 4365 1363 4428 im·

221 4475 355 4541 missum
389 4498 408 4539 a
436 4475 517 4541 Silio
541 4473 630 4558 XIV,
657 4475 722 4540 202
751 4473 774 4561 t‘
782 4473 967 4540 Subsidium
1000 4471 1132 4538 infidum
1163 4470 1364 4558 fugientibus
