3184 5108
281 335 345 402 732
645 361 716 410 oua
738 362 897 410 nronrua
921 363 1065 413 ruoaus.

368 501 549 570 terraneam
589 505 732 592 [plagam
769 509 916 589 noscere]
954 507 1266 592 concupisce[re]m,
1318 509 1463 570 secutus

370 611 469 692 [sum]
494 609 637 677 Gallicas
657 611 756 697 Alpes
779 617 812 677 et
834 613 939 678 lustro
962 614 1100 698 populos
1120 611 1298 698 Aquilone
1326 611 1465 698 pallen-

369 718 428 780 tes.
473 717 547 784 inde
576 717 624 783 sol
652 718 799 784 occidens
827 719 962 803 placuit:
992 719 1087 784 flecto
1111 740 1258 784 cursum:
1297 719 1366 784 sed
1395 724 1463 784 sta·

366 822 427 888 tim
453 846 513 908 par
539 824 688 909 horrore,
720 847 781 909 par
807 825 941 909 vertice,
974 847 1032 910 par
1059 825 1116 889 ille
1142 824 1280 890 nivibus
1311 825 1461 910 Alpinis

278 925 322 992 55
366 929 551 1016 Pyrenaeus
588 931 723 1016 excepit.
768 931 871 1016 vides,
907 933 1042 1017 hospes,
1079 953 1162 1016 quae
1200 933 1327 1016 spatia
1372 933 1462 997 coeli

365 1038 621 1123 peragraverim,
650 1059 732 1123 quae
760 1039 858 1103 maris
883 1061 1003 1124 quaeve
1026 1041 1195 1104 terrarum.
1241 1061 1325 1104 non
1354 1038 1461 1102 aliter

367 1144 579 1230 mehercules,
612 1145 639 1210 si
669 1144 815 1210 conferre
843 1147 953 1230 parvis
982 1167 1102 1232 magna
1128 1145 1224 1230 licet,
1253 1167 1368 1210 sacer
1400 1145 1460 1209 ille

366 1249 490 1315 iuvenis
527 1253 629 1318 terras
667 1253 890 1336 pervolitavit,
927 1253 978 1318 cui
1010 1253 1110 1318 Terra
1146 1255 1252 1317 mater
1295 1273 1458 1336 capaces

366 1361 557 1424 oneraverat
578 1359 728 1444 frugibus
752 1359 905 1445 amictus,
929 1363 1056 1426 etcum
1080 1359 1158 1424 alite
1181 1363 1350 1444 serpente
1380 1379 1458 1424 cur·

278 1462 321 1527 60
366 1485 436 1528 rum
460 1465 532 1549 ipsa
555 1465 723 1550 iunxisset,
745 1467 810 1531 nisi
833 1471 904 1533 toto
928 1467 1006 1533 orbe
1029 1471 1202 1552 peragrato
1225 1467 1346 1532 vetuit
1369 1487 1454 1530 suas

365 1571 470 1637 redire
501 1577 676 1656 serpentes.
721 1574 818 1640 liceat
848 1593 926 1659 ergo
956 1575 1089 1639 tandem
1112 1573 1259 1659 ‘fatigato
1291 1573 1361 1638 bic
1389 1571 1454 1636 ali-

366 1678 492 1762 quando
526 1681 744 1746 succumbere.
796 1681 823 1747 si
857 1678 992 1766 Scythes
1025 1703 1144 1765 essem,
1177 1681 1243 1745 iam
1276 1681 1452 1764 plaustra
1557 1733 1558 1781 ,

366 1785 549 1869 solvissem3
578 1787 606 1852 si
629 1809 732 1873 vagus
755 1788 971 1873 gubernator,
993 1787 1060 1852 iam
1083 1787 1190 1852 dicata
1212 1787 1330 1873 pelagi
1361 1785 1448 1849 deae

366 1913 464 1975 prora
487 1894 650 1977 penderet.
674 1917 839 1981 quousque
862 1895 1076 1981 vagabimur?
1101 1917 1143 1958 an
1166 1915 1295 1978 semper
1320 1893 1447 1976 hospi·
1557 1933 1558 1966 v

277 1997 320 2062 65
365 2002 415 2063 tes
444 2000 586 2065 erimus?
622 2001 710 2067 ferae
734 2003 838 2068 cubile
862 2003 1072 2087 prospiciunt,
1096 2005 1129 2066 et
1152 2022 1228 2066 aves
1252 2002 1445 2066 senescunt

366 2107 400 2171 in
431 2107 517 2172 nido.
562 2107 591 2171 si
622 2106 692 2173 fata
720 2107 857 2174 Romam
888 2113 1011 2196 negant
1041 2109 1197 2193 patriam,
1229 2108 1349 2172 saltim
1383 2107 1443 2172 hic

367 2235 496 2278 manere
520 2214 696 2300 contingat.
734 2217 819 2300 quid,
844 2216 930 2302 quod
949 2214 1146 2280 consuetudo
1164 2236 1217 2280 res
1235 2215 1336 2281 fortis
1360 2213 1439 2281 est?

367 2323 399 2384 et
433 2342 506 2386 cccc
538 2321 603 2386 iam
632 2321 857 2388 familiaritate
890 2322 1046 2388 continua
1078 2323 1192 2386 civitas
1224 2322 1321 2387 nobis
1358 2323 1438 2406 ipsa
1555 2343 1556 2351 ¹

365 2427 545 2510 blanditur,
568 2451 659 2514 quae,
683 2430 809 2516 siquid
833 2431 935 2496 credis
959 2430 1048 2514 mihi,
1072 2429 1126 2513 qui
1151 2427 1255 2493 multa
1278 2425 1436 2513 cognovi,

278 2533 321 2599 70
366 2534 510 2599 omnium
538 2556 659 2620 rerum,
690 2559 771 2621 quae
799 2536 839 2601 ad
863 2535 1005 2620 quietem
1028 2535 1205 2620 cliguntur,
1235 2534 1433 2619 gratissima
1555 2596 1556 2614 ,

366 2645 425 2706 est.
469 2641 625 2725 populum
648 2642 752 2728 vides,
776 2665 795 2708 o
818 2641 938 2726 hospes
962 2645 995 2706 et
1018 2641 1134 2725 amice,
1156 2641 1305 2725 probum,
1327 2637 1432 2722 frugi,
1557 2679 1558 2702 η

255 2815 257 2818 .
365 2747 524 2833 quietum,
547 2748 638 2814 tarde
663 2749 800 2834 quidem,
824 2749 880 2814 sed
902 2748 1022 2814 iudicio
1046 2748 1252 2832 hospitalem.
1298 2747 1428 2812 coelum

365 2854 573 2938 peculiariter
604 2857 820 2938 temperatum
853 2854 968 2919 miscet
999 2854 1099 2933 vices,
1132 2857 1165 2918 et
1195 2856 1309 2918 notam
1339 2851 1428 2918 veris
1557 2868 1558 2893 ¹

365 2965 454 3026 totus
479 2983 581 3026 annus
605 2960 761 3026 imitatur.
788 2964 877 3026 terra
898 2961 1018 3026 fertilis
1037 2961 1161 3044 campis
1180 2964 1213 3024 et
1231 2961 1337 3046 magis
1357 2958 1426 3024 col-

279 3067 320 3132 75
365 3068 466 3132 libus:
493 3089 569 3132 nam
591 3065 706 3131 Italiae
735 3067 818 3132 vites
843 3068 974 3132 affectat
997 3071 1030 3132 et
1053 3068 1221 3151 comparat
1244 3087 1336 3131 arcas
1360 3065 1424 3148 [et]
1557 3069 1558 3086 ¹

366 3174 509 3240 serotino
539 3195 604 3238 non
628 3173 787 3238 erubescit
810 3176 974 3240 autumno.
1020 3174 1048 3237 si
1072 3172 1146 3257 quid
1170 3173 1211 3237 ad
1234 3195 1303 3238 rem
1327 3171 1425 3257 perti-

365 3284 430 3364 net,
452 3280 567 3346 civitas
590 3279 663 3364 ipsa
685 3279 944 3366 generosissimis
968 3280 1120 3364 auspiciis
1143 3279 1305 3346 instituta.
1345 3301 1423 3345 nam

366 3389 494 3471 praeter
517 3383 666 3452 Caesaris
689 3386 822 3471 vexilla,
852 3408 933 3471 quac
956 3389 1091 3471 portant
1113 3387 1311 3473 triumphos,
1338 3387 1422 3452 unde
1557 3462 1558 3473 ,

364 3515 483 3559 nomen
506 3493 641 3579 accepit,
664 3493 757 3559 adest
780 3494 877 3558 etiam
900 3494 1072 3580 peregrina
1093 3495 1258 3560 nobilitas.
1303 3495 1422 3579 quippe

277 3603 320 3667 80
366 3603 393 3666 si
412 3605 522 3667 vetera
540 3599 665 3686 templa
678 3599 842 3684 respicias,
860 3599 913 3664 hic
927 3600 982 3664 ille
997 3601 1115 3666 colitur
1129 3600 1278 3686 corniger
1290 3601 1422 3684 praedo,
1557 3662 1558 3667 ,

366 3709 420 3794 qui
439 3707 573 3792 Tyriam
597 3707 757 3793 virginem
780 3710 914 3790 portans
938 3706 1014 3771 dum
1037 3728 1095 3791 per
1117 3709 1189 3772 tota
1206 3705 1311 3770 maria
1329 3706 1421 3772 lasci·

365 3814 422 3898 vit,
444 3813 498 3878 hic
522 3813 632 3878 amisit
654 3815 687 3878 et
709 3814 867 3898 substitit,
890 3819 923 3879 et
946 3815 1014 3879 eius
1039 3835 1135 3898 quam
1153 3812 1281 3880 ferebat
1299 3813 1420 3880 oblitus

223 3952 263 3992 μω
296 3943 299 3950 ’
366 3921 473 3986 subito
496 3923 643 3985 nostrum
666 3920 758 3984 littus
783 3920 956 3985 adamavit.
1002 3919 1064 3985 Hic
1088 3941 1161 3985 curn
1184 3942 1245 4006 ego
1268 3921 1420 4003 respiras·

366 4049 448 4112 sem,
471 4027 583 4094 statim
606 4027 774 4111 Baeticus,
797 4049 826 4112 o,
848 4027 965 4112 inquit,
988 4028 1118 4092 beatam
1141 4027 1316 4109 civitatem,
1338 4047 1419 4110 quae

277 4136 320 4202 85
366 4137 400 4200 in
431 4139 464 4200 te
491 4134 615 4200 incidit.
662 4135 931 4220 quemadmodum
957 4139 1067 4200 tamen
1094 4137 1127 4199 te
1154 4132 1360 4218 prosequitur
1386 4135 1420 4196 et

366 4241 443 4328 quid
466 4241 520 4308 hic
545 4245 578 4324 [a
601 4243 647 4325 te]
673 4241 804 4328 agitur?
826 4241 910 4307 unde
929 4241 1080 4307 subvenit
1098 4239 1243 4305 reditus?
1267 4262 1308 4304 an
1326 4242 1419 4324 pater

366 4349 407 4416 ab
436 4349 548 4414 Africa
580 4347 826 4414 subministrat?
854 4385 898 4395 -
925 4347 1019 4414 Vnde
1054 4349 1102 4429 [tu
1129 4347 1248 4432 putas?
1281 4369 1300 4411 a
1326 4347 1417 4430 patre

366 4455 509 4543 quidem]
533 4475 745 4539 nequaquam,
768 4476 841 4521 cum
866 4456 965 4536 [eum]
990 4453 1051 4518 bac
1069 4453 1142 4538 ipsa
1161 4449 1417 4537 peregrinatione

1556 1098 1557 1146 l

1556 1203 1558 1246 l
