3302 5106
293 407 357 470 418
575 423 623 472 ms
647 425 683 471 u.
705 424 882 472 vuuuoms
906 424 1159 475 uomsromms.

294 563 334 626 de
353 565 454 630 satira
472 565 524 630 eui
543 587 661 630 nomeu
682 565 847 648 Tanaquil,
871 565 956 650 quod
973 589 1093 633 nomen
1111 589 1183 632 oum
1203 590 1223 632 a
1241 567 1439 652 logistoriois

294 672 386 736 libris
414 673 650 758 segregandum
679 672 756 737 dioit
783 696 814 757 p.
838 673 894 758 63,
927 675 1031 760 magis
1060 675 1169 760 placet
1197 696 1293 759 quam
1317 675 1437 738 ibidem

294 779 443 844 laudibus
476 779 640 844 cumulata
667 777 767 844 Nonii
800 779 908 844 nesoio
941 802 1005 864 qua
1037 780 1217 867 diligentia.
1272 781 1439 846 Proximus

293 886 440 970 pagellas
463 907 579 969 parum
600 886 766 970 eleganter
784 885 896 969 scripti
915 885 1020 950 libelli
1039 907 1111 950 oum
1131 887 1233 952 oeulis
1253 887 1439 970 lustramus

293 1014 323 1074 p.
347 991 390 1056 64
413 991 570 1056 miramur
593 992 631 1058 de
654 990 840 1072 ephemeride
861 992 970 1056 navali
992 991 1039 1056 ita
1063 992 1192 1084 disseri,
1216 997 1316 1058 utne
1339 993 1439 1078 Berg-

293 1097 408 1162 kiauae
435 1095 567 1181 quidem
595 1096 839 1182 disputationis,
871 1119 953 1181 quae
983 1097 1104 1164 inserta
1133 1105 1183 1164 est
1206 1099 1310 1165 Musei
1333 1101 1437 1164 nostri

292 1203 451 1288 philologi
479 1205 635 1270 volumini
663 1205 693 1288 Ι,
720 1206 788 1270 ulla
815 1205 899 1270 ratio
928 1204 1094 1270 habeatur.
1142 1203 1205 1270 Sed
1227 1229 1257 1290 p.
1286 1206 1328 1270 66
1353 1203 1439 1289 quod

293 1310 377 1394 apud
397 1308 618 1374 Diomedeml
642 1334 671 1395 p.
682 1311 748 1376 372
771 1314 903 1376 exstans
927 1309 1135 1376 Praetorraua
1158 1313 1275 1376 titulus
1300 1310 1341 1376 ad
1364 1332 1435 1374 eam

293 1416 429 1480 satiram
453 1417 593 1481 refertur
617 1439 697 1500 quae
721 1417 879 1501 iuscripta
902 1419 973 1480 erat
993 1417 1029 1480 F
1031 1417 1220 1495 lustrabatur,
1244 1419 1316 1496 περὶ
1339 1419 1436 1496 ἐπαρ-

293 1525 381 1601 χιῶν,
405 1522 437 1586 id
460 1543 525 1587 uon
549 1523 751 1588 incommodo
775 1523 995 1606 excogitatum
1015 1528 1078 1587 est:
1102 1523 1260 1606 siquidem
1280 1545 1318 1587 ea
1336 1524 1437 1588 satira

293 1630 334 1693 ab
359 1629 430 1712 ipso
455 1634 647 1713 argumento
672 1627 759 1714 (περὶ
782 1632 953 1710 ἐπαρχιῶν,
980 1630 1000 1694 i.
1015 1651 1040 1694 e.
1064 1631 1239 1716 praeturis)
1263 1629 1359 1693 ducto
1382 1651 1437 1693 no·

292 1736 378 1800 mine
406 1736 452 1800 sic
480 1736 588 1801 vocari
616 1760 636 1800 a
664 1737 886 1820 grammaticis
915 1736 1024 1820 potuit
1053 1735 1093 1799 ad
1116 1757 1227 1800 earum
1250 1735 1435 1800 fabularum

292 1842 538 1906 similitudinem
554 1843 724 1926 dequibus
739 1843 947 1927 exposuimus
962 1841 1126 1927 Parergon
1141 1842 1156 1905 l
1171 1864 1201 1924 p.
1219 1843 1289 1906 142.
1318 1841 1434 1917 Quam-

293 1969 389 2030 quam
412 1969 477 2010 nou
500 1970 597 2010 uuum
621 1949 663 2012 ob
687 1970 835 2013 caussam
858 1949 1014 2032 perdubia
1037 1971 1087 2012 res
1111 1953 1170 2012 est.
