3294 5104
526 461 767 524 orsasmonns
792 459 1125 510 ouonuronoorosn.
1331 439 1396 504 315

249 606 502 686 *Καλόδωροε
527 604 746 672 Calidorus:
775 605 962 670 adulescens
986 603 1146 668 Pseuduli.
1191 600 1267 666 Non
1291 602 1398 665 minus

295 717 381 778 reete
406 736 502 798 quam
522 736 541 777 a
559 713 677 778 κάλλος
696 712 856 777 ducuntur
877 711 1060 777 Καλλίνικος
1079 709 1306 788 *Καλλίδωροε
1325 731 1398 772 cum

298 820 454 885 similium
478 842 578 904 prope
601 818 731 882 infinita
752 815 970 900 multitudine,
994 816 1034 880 ad
1057 815 1154 880 καλό(
1173 815 1327 898 pauciora
1346 837 1397 878 ex-

295 925 403 1010 empla
433 926 568 992 redeunt
597 926 707 1010 qualia
735 929 812 990 sunt
836 923 990 1002 Καλονίκη
1019 917 1128 1007 (idque
1153 920 1398 1006 Aristophanis)

300 1033 511 1097 Καλοκλείδαε
537 1031 714 1098 Καλόξενο(
739 1029 938 1096 Καλοπόδιο(
959 1028 1154 1108 Καλότυχοαῑ
1180 1027 1399 1092 adsciverunt·

297 1160 357 1224 que
381 1162 453 1204 eam
476 1138 704 1204 formationem
725 1138 822 1202 etiam
841 1136 990 1220 Romani,
1013 1135 1104 1200 velut
1119 1135 1313 1214 Καλόκαιρο(
1332 1133 1398 1198 fae-

297 1249 367 1310 tum
396 1250 447 1310 est
474 1243 658 1310 Colosseros
685 1243 711 1310 Ι.
739 1245 778 1309 R.
800 1242 841 1310 N.
869 1243 965 1308 6803.
990 1243 1085 1308 6844;
1135 1239 1259 1306 Rursus
1289 1243 1398 1305 autem

296 1375 391 1436 quem
420 1352 459 1416 ad
488 1352 620 1417 modum
644 1355 815 1433 Δημοφῶν
840 1354 1026 1431 Κλειτοφῶν
1054 1349 1253 1412 transierunt
1281 1348 1313 1412 in
1337 1346 1398 1411 De·

173 1469 182 1480 ’
296 1459 399 1540 murto
421 1458 568 1542 Cle'tipbo,
597 1458 643 1522 ita
671 1479 802 1542 prorsus
831 1457 1000 1534 ἀναλόγως
1023 1477 1040 1518 e
1066 1453 1257 1532 Kuldbmpoc
1281 1453 1319 1517 fit
1342 1453 1400 1518 6ο-

299 1566 423 1630 lidoras.
468 1566 576 1650 Atque
605 1567 652 1630 sio
679 1566 834 1650 seriptum
862 1583 981 1628 nornen
1008 1583 1065 1646 per
1088 1559 1284 1626 Pseudulum
1306 1561 1399 1626 fabu-

295 1672 362 1736 lam
393 1672 534 1757 septiens
565 1677 672 1738 exstst
703 1673 738 1736 in
771 1671 889 1736 Vetere
922 1669 1043 1753 codiee,
1076 1669 1154 1732 item
1188 1667 1331 1750 septiens
1364 1668 1398 1731 in

295 1777 480 1864 Decorato,
503 1780 639 1845 noviens
662 1781 695 1845 in
715 1779 875 1844 Vaticano
899 1777 976 1864 (nisi
1001 1774 1086 1860 quod
1110 1773 1208 1838 semel
1234 1778 1267 1838 et
1289 1773 1341 1838 hio
1366 1779 1399 1838 et

297 1883 492 1952 Decurtatus
517 1886 768 1952 immemorabili
791 1886 886 1970 lapsu
905 1883 1097 1950 Callidemus
1122 1877 1256 1965 dieunt),
1275 1880 1325 1943 bis
1350 1878 1401 1964 (ut

298 1990 426 2074 quidem
447 1993 552 2058 visum
574 1991 637 2080 est)
659 1992 904 2058 Ambrosianus.
941 1989 1063 2056 Contra
1086 1990 1201 2072 quater
1224 1987 1257 2051 in
1272 1984 1400 2065 Vetere,

297 2101 347 2161 ter
360 2097 396 2160 in
409 2097 597 2182 Deourtato‚
617 2099 718 2164 semel
735 2099 771 2163 in
785 2098 947 2164 Vaticano
963 2095 1134 2180 Calydorus
1152 2093 1281 2178 legitur,
1300 2091 1400 2157 idem-

299 2225 358 2284 que
385 2203 620 2270 Ambrosianus
650 2211 682 2271 et
705 2207 761 2288 IV,
784 2208 810 2288 1,
833 2207 852 2270 2
874 2202 969 2291 (906)
996 2202 1126 2267 exhibet
1151 2205 1184 2264 et
1207 2199 1397 2283 Argumenti

299 2308 364 2373 alia
387 2332 484 2375 manu
508 2312 621 2395 scripti
644 2334 739 2376 versu
766 2313 815 2377 15.
859 2312 930 2388 Quo
955 2331 1026 2374 cum
1051 2307 1216 2374 accederet
1238 2305 1338 2369 semel
1362 2327 1400 2368 en

300 2415 412 2480 eodem
427 2417 645 2483 Ambrosiano
665 2417 690 2502 I,
709 2419 739 2502 3,
757 2419 818 2481 149
839 2415 933 2502 (383)
958 2415 1122 2500 proditum
1141 2413 1300 2490 (inludere,
1323 2411 1401 2476 hius

298 2522 463 2605 proiectus
494 2523 720 2590 Fleckeisenus
752 2511 858 2589 Mosei
889 2523 993 2588 Rhen.
1020 2525 1043 2586 t.
1070 2518 1152 2584 VIII
1178 2540 1209 2602 p.
1238 2518 1301 2584 228
1334 2540 1399 2582 non

301 2627 365 2692 alia
386 2628 451 2693 nisi
474 2629 532 2694 illa
555 2629 626 2714 ipsa
646 2628 818 2695 Caluam-as
838 2631 944 2695 forma
963 2651 1056 2694 usum
1076 2649 1146 2692 esse
1165 2627 1318 2692 Plautum
1338 2624 1400 2689 sibi

300 2735 468 2818 persuasit.
515 2734 590 2801 Non
618 2736 813 2801 obstinatius
841 2737 968 2820 negabo
997 2735 1067 2798 fieri
1095 2732 1240 2817 potuisse
1263 2735 1300 2797 ut
1323 2731 1357 2795 in
1379 2753 1401 2795 o

300 2841 453 2906 transiret
481 2861 597 2926 graeca
621 2865 639 2907 o
663 2843 798 2908 vocalis:
827 2843 883 2908 sed
907 2842 1054 2926 exempla
1077 2845 1201 2923 tamen,
1229 2859 1310 2922 quae
1334 2837 1402 2920 qui·

300 2947 372 3010 dem
395 2946 488 3031 paria
511 2948 586 3032 sint,
609 2948 766 3033 desidero,
789 2970 848 3013 neo
866 2949 1014 3013 dubitare
1033 2947 1123 3031 prius
1142 2945 1286 3009 desinam
1305 2965 1402 3027 quam

301 3053 364 3118 tale
387 3053 547 3138 prodierit
569 3055 663 3140 quale
686 3055 847 3138 Daaupbo
871 3055 921 3120 vel
941 3053 1086 3136 Olituplo
1104 3052 1155 3116 vel
1174 3050 1403 3117 Leaauseleuis

303 3161 446 3226 futurum
475 3163 532 3246 sit,
560 3163 612 3227 vel
636 3162 874 3246 Dionysodorus
901 3161 1137 3246 llurmupolium
1160 3159 1404 3243 truqucmaoediu

302 3268 481 3352 composita
504 3292 523 3332 a
546 3268 755 3335 Fleckeiseno
778 3269 882 3336 Musei
897 3269 998 3334 Rhen.
1022 3269 1042 3334 l.
1058 3291 1081 3332 s.
1097 3291 1131 3351 s,
1153 3266 1205 3330 vel
1229 3265 1403 3331 Nicobulum

302 3375 490 3441 Nicodamus
511 3398 583 3440 eum
607 3376 760 3440 affinibus
784 3374 947 3461 ueteris*).
980 3373 1065 3440 Nam
1090 3374 1268 3458 degresso
1293 3372 1401 3456 aliquo

303 3483 493 3562 Καλύδωρο(
516 3482 660 3565 nomine,
684 3504 746 3565 quo
767 3503 967 3547 communem
991 3502 1063 3545 oum
1090 3480 1242 3545 Καλυδών
1266 3480 1402 3563 stirpem

303 3587 468 3672 habuerit,
500 3588 607 3672 ipsum
640 3585 884 3652 Fleckeisenum
916 3609 981 3651 non
1014 3586 1153 3670 amplius
1186 3587 1403 3670 eoffl'taturum

303 3693 504 3778 crediderim,
541 3693 618 3778 quia
650 3693 698 3758 ita
730 3693 840 3778 aliqua
871 3695 944 3776 {siffis
976 3692 1203 3756 terminatione
1237 3712 1317 3774 opus
1351 3689 1404 3772 sit,

304 3822 385 3884 quiae
408 3800 500 3864 nulla
523 3800 586 3864 suit
609 3801 642 3866 in
665 3801 850 3866 nominibus
875 3799 1025 3884 propriis.

259 3906 458 3985 *Κανθὰρα
481 3905 677 3972 Canthara
700 3905 909 3993 (CANTARA):
934 3905 1044 3970 nutrix
1068 3903 1255 3988 Adelphon3
1280 3937 1322 3948 -
1347 3925 1404 3966 an·

304 4013 389 4091 oilla,
412 4012 540 4096 Epidioi
564 4013 621 4094 IV,
648 4017 674 4098 1,
697 4017 755 4101 403
782 4051 818 4060 —
845 4013 924 4078 item
948 4013 1089 4078 Andriae
1112 4010 1169 4096 IV,
1188 4012 1218 4094 4,
1238 4011 1281 4076 30
1300 4008 1402 4096 (769).

331 4204 469 4274 ‘lvnum
494 4206 622 4276 memini,
651 4208 724 4277 quod
750 4209 805 4263 buo
831 4207 970 4277 quispiam
997 4205 1112 4273 referat,
1139 4204 1282 4274 prodItum
1305 4201 1404 4258 Militis

260 4295 376 4366 gloriosi
399 4313 425 4352 v.
446 4301 479 4348 14
503 4294 532 4348 in
550 4295 630 4350 libris
648 4295 1021 4358 clatumarariaaarctidu,
1044 4293 1118 4346 unde
1137 4291 1219 4346 facile
1239 4291 1404 4346 ratiocinere

261 4383 639 4454 olatameraidyearauaa
657 4382 751 4454 potius
770 4383 947 4438 efficiendum
965 4398 1025 4437 esse
1044 4397 1136 4449 quam,
1156 4379 1230 4448 quod
1250 4396 1301 4450 ego
1315 4381 1405 4450 posui,

261 4472 644 4544 Clutomesloridyaorebides.
681 4470 736 4526 Sed
761 4471 790 4525 in
814 4471 900 4526 tantis
924 4469 978 4524 loci
1000 4467 1076 4522 illius
1101 4466 1264 4537 corruptelis
1287 4472 1406 4538 apparet

261 4577 316 4617 non
336 4577 396 4614 esee
416 4559 497 4614 unius
516 4559 658 4614 litterulae
677 4559 743 4614 fidei
761 4559 878 4614 nimium
898 4557 1084 4613 tribuendum.
