3294 5104
264 387 329 450 364
686 407 733 452 on
757 406 792 452 u.
817 405 989 453 vnauouis

263 547 381 612 metica
407 547 565 613 Varronis
589 547 707 612 hausta
730 569 798 610 esse
823 546 902 611 hacc
925 547 1062 612 Favonii
1086 549 1217 635 Eulogii
1240 551 1275 614 in
1299 549 1408 616 Somn.

263 650 348 736 Scip.
370 677 400 738 p.
424 657 487 719 lor
513 653 622 718 Orell:
655 655 699 717 od
723 653 804 718 hrum
832 675 996 720 mimeram
1024 656 1174 738 cithiman,
1206 661 1242 719 nt
1275 657 1409 723 Varro-ni

258 763 368 845 placet,
392 763 514 827 lunaris
536 782 643 826 corsrrs
666 763 805 844 congrait
826 763 981 842 revolutio,
1004 784 1082 846 quac
1100 765 1134 828 ia
1148 763 1295 830 XXVII
1305 765 1408 832 diebus

261 890 349 933 onerer
381 869 461 932 lauti
492 868 602 932 sideris
634 869 736 932 tornea
768 868 918 934 salmurii.
973 869 1062 945 Quae
1094 871 1313 956 unnsquisque
1347 895 1406 936 sus

262 979 377 1059 sponte
406 972 568 1056 intellegit
595 973 702 1037 locum
731 973 830 1038 etiam
854 974 886 1038 in
910 974 1088 1058 astrologia
1112 975 1231 1041 habere
1253 979 1408 1061 potuisse,

261 1079 414 1145 habuisse
440 1083 548 1144 autem
572 1081 605 1143 iu
620 1079 799 1165 geometria
822 1081 991 1165 intelleget
1013 1081 1067 1163 qui
1087 1081 1158 1161 §lt
1185 1082 1320 1147 anobis
1344 1083 1406 1148 dis·

263 1191 379 1273 putato
401 1185 584 1270 perlegerit.
630 1186 800 1251 Krahnero
828 1186 930 1270 igitur
953 1208 1030 1251 cave
1054 1189 1232 1252 assentiare
1256 1189 1297 1252 ad
1320 1190 1407 1254 Heb-

262 1293 435 1358 domadum
459 1292 576 1357 librum
600 1293 739 1377 primurn
764 1291 821 1356 illa
844 1292 995 1356 referenti
1019 1315 1134 1359 comm.
1153 1294 1191 1358 de
1207 1295 1300 1360 Varr.
1324 1298 1406 1362 anti-

261 1401 340 1484 quit.
363 1423 394 1483 p.
417 1400 447 1463 9.
493 1398 563 1475 Quo
592 1400 691 1482 libro,
715 1403 880 1482 tamquam
909 1399 1075 1483 prooemio
1100 1396 1180 1483 ipsis
1204 1401 1406 1487 Imaginibus

261 1506 497 1590 breviculisque
526 1528 635 1570 earum
665 1505 948 1589 explanationibus
977 1507 1169 1588 praemisso,
1202 1509 1262 1571 etsi
1287 1509 1325 1572 de
1347 1532 1405 1573 nu-

184 1655 187 1662 ·
261 1613 357 1676 meris
373 1612 477 1676 multa
496 1617 529 1676 et
548 1611 704 1697 exquisite
724 1616 756 1675 ct
774 1611 995 1696 frigidiuseule
1014 1619 1169 1697 congesta
1188 1636 1257 1678 esse
1277 1639 1294 1678 e
1310 1613 1405 1679 Gellii

261 1719 324 1802 ΠΙ,
352 1721 391 1783 10
422 1723 571 1803 apparet,
603 1725 711 1782 tamen
742 1719 782 1783 ad
814 1741 911 1782 unum
942 1717 1021 1782 haec
1050 1720 1158 1784 onmia
1186 1722 1406 1803 septenarium

259 1848 428 1890 numerum
453 1825 657 1908 spectabant:
690 1825 780 1888 cuius
805 1825 867 1889 etsi
891 1824 1087 1908 aliquotiens
1120 1827 1205 1910 apud
1229 1825 1403 1913 Eulogium

262 1933 371 2016 paullo
406 1934 481 1995 ante
514 1931 636 1994 mentio
670 1931 719 2014 fit,
753 1935 862 1994 tamen
895 1932 968 2014 ipsa
1000 1931 1070 2016 illa,
1102 1933 1218 2016 quibus
1247 1933 1405 1999 Varronis

261 2037 489 2103 auctoritatem
514 2025 671 2118 adhibuit,
697 2035 795 2100 verba
819 2037 858 2100 ad
882 2039 1100 2119 septenarium
1123 2061 1292 2104 numerum
1316 2041 1406 2106 nullo

262 2145 358 2222 modo
377 2142 548 2228 pertinent.
563 2180 605 2187 —
621 2139 771 2206 Ceterum
790 2137 829 2206 de
848 2143 1053 2208 arithmetica
1078 2146 1117 2210 cf.
1132 2147 1232 2212 etiam
1256 2149 1338 2228 §m
1357 2149 1405 2212 13.

799 2339 872 2418 98.

221 2486 246 2525 1⁴
353 2467 379 2528 1.
404 2462 535 2547 Septem
555 2463 800 2547 disciplinarum
819 2463 940 2529 indicia
958 2467 1117 2548 persecuti
1133 2489 1256 2531 sumus:
1280 2469 1406 2531 restant

261 2573 342 2636 duae
367 2591 448 2654 quae
471 2569 506 2633 in
530 2573 653 2652 septem
674 2570 792 2634 artium
812 2570 923 2635 orbem
941 2571 1068 2636 novicia
1087 2572 1316 2638 consuetudine
1336 2572 1405 2636 fini-

261 2683 368 2743 tarum
392 2697 456 2740 non
480 2679 556 2740 sunt
579 2679 735 2758 receptae.
773 2674 894 2740 Earum
920 2699 1016 2742 unam
1040 2678 1140 2742 fuisse
1164 2678 1405 2744 architectu-

261 2807 339 2850 ram
363 2781 459 2870 (quae
483 2781 684 2859 Quintiliano
708 2781 754 2866 ΙΙ,
777 2783 829 2866 21,
854 2785 873 2848 8
898 2787 948 2847 est
970 2779 1210 2866 architectonice)
1234 2783 1405 2850 Vitruvius
1469 2859 1473 2866 ⁴

261 2895 408 2957 testatur.
445 2889 544 2956 Cuius
568 2889 736 2974 scriptoris
760 2891 845 2974 quod
869 2890 980 2954 multis
1003 2891 1082 2956 locis
1107 2887 1266 2975 itnpressa
1288 2889 1404 2956 Varro-

261 2999 351 3063 niani
380 2996 538 3062 sermonis
567 2999 600 3059 et
627 2996 749 3081 ingenii
778 2996 918 3081 vestigia
946 2997 1118 3081 agnovisse
1148 2997 1210 3061 sibi
1242 2998 1331 3062 visus
1355 3001 1405 3060 est

262 3101 475 3168 Schneiderus
500 3125 570 3168 ann.
595 3103 629 3167 in
648 3102 712 3166 VII
736 3103 845 3186 praef„
877 3103 909 3166 id
934 3104 994 3166 etsi
1017 3126 1083 3168 non
1106 3103 1272 3187 potuimus
1296 3103 1405 3168 dedita

262 3233 362 3294 opera
385 3210 478 3293 quale
502 3210 544 3273 sit
567 3209 736 3294 inquirere,
759 3211 870 3272 tamen
894 3209 1030 3272 multum
1056 3232 1200 3274 veremur
1222 3233 1262 3274 ne
1286 3210 1404 3274 leviore

263 3315 475 3380 similitudine
498 3321 530 3380 et
549 3337 631 3400 quae
647 3314 743 3399 longe
763 3315 843 3378 alias
863 3337 993 3379 caussas
1013 3316 1173 3400 aliamque
1193 3316 1257 3380 vim
1278 3316 1405 3400 babeat,

263 3447 359 3509 quam
384 3445 460 3488 vera
483 3421 642 3487 affinitate
665 3421 798 3486 nitatur.

351 3531 380 3593 2.
426 3526 553 3594 No'nam
588 3532 696 3592 antem
732 3527 935 3610 disciplinam
966 3551 1063 3613 quam
1095 3530 1280 3612 lentabimus
1313 3531 1405 3593 esse?
1488 3597 1495 3608 ‚

262 3639 337 3704 Non
366 3637 468 3701 mirer
492 3635 519 3700 si
549 3636 621 3719 quis
649 3637 687 3700 de
711 3636 783 3719 ipsa
802 3635 996 3718 philosophie
1019 3636 1141 3722 cogitet
1164 3640 1270 3701 motus
1294 3637 1404 3721 Augu·

263 3745 341 3810 atini
373 3743 520 3827 exemplo
554 3741 589 3829 (ᾖ
616 3740 661 3828 1),
695 3743 777 3826 apud
811 3765 905 3827 quem
940 3763 1090 3826 magnam
1123 3743 1223 3806 fuisse
1246 3741 1404 3806 Varronis

263 3851 490 3914 auctoritatem
521 3853 657 3913 constat.
707 3848 752 3912 Et
781 3849 951 3932 scripsisse
981 3870 1057 3912 sane
1081 3847 1260 3913 Varronem
1291 3850 1404 3913 librum

262 3959 298 4022 dc
311 3954 506 4038 philosophie
529 3958 618 4018 extra
637 3954 872 4019 dubitationem
891 3953 1034 4037 positum
1055 3957 1116 4020 est:
1141 3977 1240 4040 equo
1260 3957 1403 4040 amplum

262 4064 358 4149 idque
383 4063 464 4128 satis
488 4061 697 4126 memorabile
721 4061 940 4148 fragmentum
965 4064 1072 4125 exstat
1094 4062 1150 4126 lib.
1165 4061 1243 4126 XIX
1259 4063 1298 4126 de
1317 4063 1405 4126 civit.

265 4171 315 4235 dei
344 4193 370 4236 c.
396 4171 423 4234 l.
446 4170 467 4234 2
491 4172 523 4233 et
546 4169 575 4233 3.
625 4167 714 4233 Inter
742 4189 836 4252 quem
864 4167 984 4232 librum
1012 4168 1217 4252 eiusdemque
1244 4167 1403 4233 Varronis

263 4281 299 4344 de
320 4279 424 4358 lomna
441 4275 654 4359 philosophiae
675 4275 850 4352 secundam,
873 4296 890 4338 e
914 4297 977 4358 quo
1001 4271 1169 4339 Charisius
1189 4275 1203 4338 1
1228 4298 1257 4358 p.
1270 4277 1310 4339 79
1334 4297 1403 4356 eop-

258 4385 367 4466 parim
396 4384 548 4462 feminino
577 4403 684 4474 praere
716 4381 822 4457 affert,
859 4382 1090 4464 perobscurum
1124 4385 1173 4446 est
1205 4403 1287 4463 quac
1319 4382 1402 4446 ratio

263 4487 487 4554 intercesserit
533 4486 720 4553 Schneideri
748 4485 833 4551 enim
856 4508 970 4552 comm.
994 4487 1033 4552 de
1056 4487 1124 4552 vita
1148 4491 1180 4551 et
1202 4509 1260 4550 scr.
1284 4509 1314 4571 p.
1339 4489 1403 4553 232
