3294 5104
277 379 343 443 362
698 397 745 444 mr
770 397 805 444 u.
829 395 1002 444 rannerus

277 539 416 603 Rursum
445 545 553 604 autem
580 539 615 603 in
638 538 763 604 Musica
787 561 914 624 quoque
938 537 1086 605 Varrone
1110 539 1294 606 Marcianus
1317 542 1420 606 utitur

277 645 324 710 IX
347 646 462 730 psit,
484 646 540 710 ubi
564 645 649 710 inter
670 647 810 729 plurime
833 647 898 711 alia
920 647 1076 732 mirande,
1100 649 1217 732 quibus
1236 649 1352 713 victrix
1371 650 1420 713 vis

278 753 420 818 musicae
440 753 520 817 artis
540 754 727 836 apperuerit
745 752 833 817 fama
852 753 1030 838 hominum,
1048 756 1111 820 hoc
1129 760 1302 821 memorat:
1320 767 1421 822 recurre

276 861 375 942 ipsius
397 859 555 924 uetustatis
575 861 776 952 pameneae
803 866 999 943 conpertum,
1030 863 1065 926 iu
1087 863 1191 944 Irprtiu
1213 847 1420 946 comptiorem

277 963 389 1050 (vulgo
405 964 613 1052 temptorum)
628 967 749 1032 marles
766 967 836 1050 dici,
854 989 931 1050 ques
949 970 1041 1033 etieru
1060 969 1206 1034 recentior
1219 973 1420 1036 asserentium

283 1071 383 1136 Verre
405 1092 436 1136 se
457 1074 567 1139 uscue
590 1077 733 1138 testetur:
756 1095 834 1156 orreo
852 1076 886 1139 iu
903 1077 1038 1140 ruedirem
1055 1081 1200 1159 stupeum
1217 1097 1239 1140 a
1256 1078 1421 1143 coutiuarti

271 1179 465 1261 preeuntes
486 1185 580 1245 cautu
603 1180 751 1245 tritorum
767 1182 874 1263 priruo
898 1183 933 1246 iu
956 1183 1104 1247 circutum
1126 1188 1232 1267 motae,
1254 1183 1362 1248 dehinc
1379 1185 1422 1249 ad

278 1286 370 1350 litora
392 1291 591 1352 revertuntur.
635 1287 758 1363 Quibus
782 1309 940 1372 seraper
963 1310 997 1353 se
1021 1289 1176 1372 spectatis
1200 1312 1265 1354 nen
1289 1291 1418 1375 ineptus

278 1391 377 1457 etiam
403 1393 439 1457 in
462 1392 687 1480 geographicis
714 1393 815 1460 locus.
861 1392 924 1460 Sed
947 1393 986 1459 cf.
1009 1400 1179 1479 praeterea
1202 1399 1222 1478 ξ
1248 1397 1289 1461 10
1313 1400 1345 1462 et
1370 1399 1419 1462 14.

814 1591 887 1672 er.

366 1715 483 1780 Paullo
503 1715 690 1798 impeditior
708 1716 747 1780 de
766 1715 1017 1782 arithmetica
1036 1717 1183 1801 quaestio
1204 1723 1267 1781 est:
1287 1719 1418 1783 tametsi

275 1821 313 1885 de
341 1844 456 1887 uevcm
486 1822 730 1905 disciplinarum
759 1823 851 1887 libris
876 1843 976 1907 agens
999 1821 1166 1888 Fabricius
1189 1825 1210 1887 l.
1226 1847 1249 1887 s.
1264 1847 1288 1888 s.
1313 1845 1351 1890 cx
1371 1825 1420 1890 bis

275 1927 384 2010 iuquit
407 1928 519 1991 tr'trruru
541 1925 578 1991 etc
595 1928 790 1993 arithmetico
807 1929 907 1994 adbuc
924 1931 1115 2011 superstitem
1131 1951 1163 1995 so
1179 1931 1290 1996 oidbse
1303 1931 1421 1997 Ronree

274 2034 360 2114 oport
382 2033 588 2096 Laurentium
610 2033 783 2097 Stroeeium
806 2033 1005 2100 Cordiuetcm
1028 2042 1153 2102 testatus
1175 2043 1220 2102 cst
1238 2039 1420 2103 Vertrouius

274 2139 413 2203 Moerus
434 2139 475 2205 ,iu
503 2138 653 2204 Varronis
679 2137 789 2224 etur)
835 2139 883 2204 De
912 2162 976 2224 quo
1005 2143 1224 2226 uuusquisque
1254 2145 1420 2208 existimet

236 2269 260 2306 rr
276 2245 434 2310 arbitratu
458 2267 530 2311 suo:
553 2246 648 2311 nobis
672 2247 875 2330 incomperta
897 2269 956 2312 res.
989 2231 1061 2313 Nee
1086 2251 1224 2314 multum
1248 2250 1418 2316 tribuerim

275 2351 543 2436 Agrimensorum
567 2352 613 2416 cis
636 2352 809 2437 codicibus,
822 2374 913 2437 ,quos
936 2354 1034 2418 tertia
1056 2354 1161 2419 classe
1185 2377 1257 2420 asc
1276 2377 1418 2439 compre·

274 2458 393 2523 hensos
417 2459 564 2524 Blemius
588 2482 617 2542 p.
633 2461 698 2524 216
722 2464 860 2526 testatur
880 2461 1049 2526 Verroueru
1071 2463 1107 2526 rte
1130 2463 1330 2556 arithmetice,
1353 2485 1419 2527 nou

273 2569 310 2632 de
329 2567 495 2650 peoructriu
519 2588 779 2633 commemorare.
818 2565 880 2632 Sed
903 2569 939 2633 de
961 2571 1098 2634 numeris
1121 2569 1241 2634 librum
1260 2568 1418 2633 Varronis

274 2672 443 2738 Fabricius
467 2672 582 2738 scribit
605 2697 624 2737 a
644 2669 822 2738 Censorino
846 2674 899 2759 (de
918 2675 947 2739 d.
961 2675 1041 2760 nat.)
1066 2677 1126 2741 ct
1151 2677 1296 2761 allegari.
1325 2675 1418 2740 Nihil

275 2785 325 2845 est
349 2803 434 2866 sane,
458 2803 514 2845 cur
537 2779 599 2844 hoc
621 2778 725 2844 indice
749 2782 1014 2846 commentarium
1038 2783 1077 2846 dc
1096 2783 1302 2847 arithmetica
1324 2803 1418 2867 nege-

275 2909 346 2952 mus
371 2885 523 2951 similiter
545 2907 641 2970 posse
665 2886 812 2952 denotari
836 2890 932 2972 atque
956 2887 1039 2952 liber
1058 2889 1255 2972 geometriae
1280 2888 1420 2953 breviter

274 2994 379 3058 dictus
408 2997 458 3057 est
484 2995 521 3058 de
548 2994 708 3058 camuros
754 2993 876 3058 Verum
905 2994 939 3057 in
962 2991 1131 3058 Censorini
1156 2993 1254 3056 verba
1277 2993 1309 3056 id
1332 2995 1420 3059 cadit

274 3099 421 3164 minime:
444 3099 490 3163 ibi
515 3101 601 3163 enim
624 3101 709 3184 qued
738 3099 837 3164 Varro
861 3102 1133 3163 commemoratur
1155 3099 1191 3162 iro
1212 3119 1245 3163 co
1268 3099 1345 3164 libro
1367 3104 1418 3166 cui

274 3207 383 3270 titulus
400 3211 444 3270 cst
457 3206 579 3271 nune
592 3211 621 3271 et
638 3211 682 3270 cst
699 3206 736 3268 dc
748 3205 894 3282 numan,
912 3203 940 3268 is
959 3203 1087 3288 quidem
1105 3203 1168 3268 fuit
1187 3227 1269 3269 unus
1289 3227 1306 3271 e
1324 3207 1417 3273 libris
1450 3289 1456 3300 1

274 3311 482 3396 logistoricis,
496 3317 529 3376 et
544 3315 579 3377 ut
592 3311 720 3376 videtur
734 3333 775 3376 ne
788 3332 862 3374 vere
882 3311 1011 3395 quidem
1029 3311 1065 3376 rie
1078 3313 1216 3377 iacuere
1234 3313 1418 3398 inscriptus,

275 3417 330 3481 sed
353 3419 389 3482 etc
411 3421 588 3485 interioribus
611 3418 733 3502 potius:
763 3418 802 3482 de
825 3439 888 3502 que
913 3417 992 3482 alibi
1018 3417 1118 3498 [infra
1140 3442 1169 3503 p.
1184 3419 1263 3500 405]
1288 3421 1418 3485 dictum.

274 3525 357 3590 Item
381 3523 457 3589 hinc
480 3525 699 3610 segregandus
723 3524 858 3588 Rufinus
882 3547 912 3609 p.
936 3525 1023 3589 2720
1042 3524 1075 3588 Ρ.
1104 3525 1169 3590 398
1188 3525 1291 3591 Gaisl'.
1314 3527 1347 3590 in
1371 3527 1417 3592 eis

365 3699 390 3770 ἢ
410 3701 451 3755 De
470 3699 531 3754 vite
549 3701 681 3755 Varronis
699 3719 717 3755 a
735 3701 833 3755 Mauro
853 3701 956 3770 scripta
974 3717 1026 3754 nco
1043 3703 1112 3754 nota
1130 3717 1174 3754 res
1192 3717 1243 3755 nec
1262 3701 1415 3756 credibilis:

275 3795 307 3846 ut
326 3791 434 3860 aliquid
453 3792 557 3846 terrere
576 3789 720 3846 miscuisse
739 3789 898 3844 Fabricium
918 3789 1040 3858 suspicer
1059 3789 1120 3858 [sed
1135 3789 1229 3842 videas
1244 3789 1313 3844 Mus.
1328 3790 1426 3864 liberi.v

275 3899 301 3934 n.
326 3901 346 3933 s.
372 3880 425 3935 vol.
446 3879 484 3933 Vl
508 3899 534 3948 p.
560 3885 610 3932 505
635 3879 696 3933 adn.
716 3879 753 3949 *].
795 3881 819 3932 A
842 3893 897 3946 quo
921 3875 1095 3944 aliquantum
1118 3876 1258 3946 discrepat
1280 3877 1417 3931 Ausonius

275 3969 383 4038 Popma
410 3967 438 4022 in
466 3967 642 4021 Bibliotheca
660 3967 834 4022 varroniana
862 3984 888 4035 p.
908 3971 959 4020 497
990 3965 1031 4020 ed.
1056 3965 1144 4034 Lugd.
1168 3965 1198 4022 B.
1225 3983 1249 4020 a.
1271 3971 1352 4020 icor:
1384 3965 1417 4018 de

275 4057 446 4112 arithmetica
464 4058 512 4112 tit.
532 4058 560 4124 I,
579 4074 655 4126 quoru
673 4073 758 4110 mauu
776 4058 941 4125 dcsuiptum
959 4055 1037 4110 tedio
1055 4069 1158 4123 quoquc
1175 4055 1346 4122 superstitem
1364 4071 1417 4108 esse

275 4155 299 4202 et
317 4147 421 4202 Rmuere
444 4149 475 4202 iu
497 4147 663 4202 bibliothecis
682 4145 854 4201 maumam
872 4146 972 4200 cituco
990 4147 1103 4198 testetur
1124 4143 1166 4195 M.
1193 4141 1356 4198 Vertrerriue
1374 4144 1398 4214 [.
1397 4143 1416 4214 J

276 4237 404 4290 Atciatus
421 4237 471 4290 troc
488 4236 608 4305 eupitius
624 4251 652 4288 se
669 4233 805 4289 etiterum
819 4235 975 4302 pollicetur,
998 4233 1069 4302 guod
1087 4237 1177 4286 terruere
1195 4232 1273 4285 erecto
1291 4231 1362 4284 iuris
1380 4232 1416 4283 ci·

275 4325 339 4379 eriis
353 4325 535 4392 professione,
560 4326 591 4378 iu
609 4343 664 4393 oua
682 4323 798 4377 murima
816 4323 953 4386 excelluit,
979 4326 1003 4374 et
1025 4322 1183 4389 procreetur
1206 4319 1417 4386 disciplinarum

276 4413 377 4468 studiis
394 4415 540 4482 impeditus
563 4431 619 4468 uorr
636 4412 785 4482 praestitit.
821 4409 844 4462 Ε
864 4409 964 4478 quibus
983 4408 1074 4463 vorbis
1093 4407 1272 4477 indiligenter
1289 4404 1416 4459 condetis

277 4501 400 4572 aliquem
419 4501 456 4557 M.
476 4500 654 4558 Vertranium
673 4499 814 4555 alciatum
832 4499 913 4554 finxit
930 4497 1065 4554 Oehlerus
1084 4494 1166 4550 Satin
1185 4513 1211 4566 p.
1234 4501 1273 4549 ιο.
