3302 5106
288 401 353 467 382
704 417 752 466 nn
776 421 809 467 n.
833 419 1009 469 vrnaonrs

286 563 376 627 rimis
399 561 581 627 rhetoricae
605 563 790 628 auctoribus
815 567 1048 648 excerptorum,
1072 566 1188 650 quibus
1213 589 1272 634 as.
1286 571 1435 636 testimo-

284 669 341 736 nia
364 667 498 734 Rufinus
522 669 630 734 media
652 669 855 756 interposuit.
889 667 1016 736 Contra
1034 671 1075 735 ad
1093 677 1264 756 poetarum
1282 698 1434 742 numeros

285 780 413 858 spectat
436 795 518 860 quae
538 774 695 841 Varronis
719 777 752 842 in
773 777 916 842 eiusdem
935 777 1045 842 Rufini
1064 778 1168 844 altero
1187 785 1434 868 commentario,

285 882 340 966 qui
374 885 424 946 est
456 882 495 947 de
530 883 643 947 metris
671 884 816 969 comicis,
849 885 972 950 mentio
1000 885 1038 948 iit
1064 907 1094 968 p.
1118 886 1205 952 2713
1229 889 1264 954 Ρ.
1292 891 1356 956 387
1382 890 1433 956 G.:

283 1009 461 1053 masuram
488 1009 549 1054 arec
576 991 611 1054 in
631 989 750 1071 fetidis
773 1040 905 1056 .....
927 993 1035 1056 ddunt
1055 992 1107 1056 hi:
1140 993 1258 1080 Cicero,
1287 996 1433 1076 Sarrae,

283 1095 477 1176 Firmium,
506 1096 605 1162 Varro
628 1118 654 1162 e.
674 1119 703 1181 q.
724 1119 762 1164 a:
785 1097 819 1162 in
843 1119 925 1183 quae
948 1099 1048 1164 verba
1070 1100 1142 1164 vide
1165 1124 1246 1186 quae
1270 1125 1430 1168 commcn-

284 1203 344 1267 tati
369 1225 478 1268 sumus
502 1203 668 1289 Parergon
691 1205 797 1270 Plaut.
820 1205 836 1268 I
858 1227 889 1289 p.
908 1205 974 1271 358
990 1229 1058 1292 sqq.

808 1387 828 1465 5
854 1385 903 1450 16.

374 1505 475 1574 Plena
505 1511 614 1574 autem
645 1511 678 1574 et
707 1511 855 1574 accurate
885 1509 912 1574 si
936 1510 1064 1594 quaeris
1088 1511 1145 1576 ubi
1168 1509 1273 1578 Varro
1297 1517 1430 1596 pocta·

282 1635 363 1677 rum
391 1619 516 1680 metra
539 1615 749 1699 explicaverit
771 1616 944 1701 deditaque
969 1637 1071 1701 opera
1094 1620 1309 1684 enarraverit:
1331 1641 1391 1683 nec
1414 1641 1431 1684 e

283 1724 480 1806 geometrica
509 1745 568 1788 nec
598 1745 615 1787 e
646 1725 770 1790 musica
797 1747 857 1790 nco
881 1747 897 1790 e
921 1724 1085 1790 rhetorica
1107 1724 1167 1790 has
1192 1725 1430 1810 disputationes

281 1830 401 1913 nexuit,
432 1831 487 1895 sed
517 1833 719 1897 metricam
750 1854 821 1898 esse
849 1837 997 1917 partem
1026 1833 1303 1918 grammaticae
1332 1833 1426 1898 disci-

281 1937 389 2020 plinae
415 1938 520 2002 voluit
542 1961 614 2003 cum
637 1939 799 2024 plerisque
822 1940 878 2023 qui
900 1944 976 2024 post
998 1961 1072 2004 eum
1094 1939 1129 2004 in
1150 1939 1263 2006 eodem
1281 1944 1357 2004 sunt
1376 1961 1430 2026 ge·

281 2065 357 2108 nere
380 2042 551 2128 versati*):
583 2067 601 2109 e
636 2066 773 2130 quorum
804 2049 917 2110 tamen
944 2067 1080 2111 numero
1110 2049 1143 2110 et
1164 2045 1369 2131 Augustinus
1397 2049 1431 2110 ct

241 2171 267 2211 ar
281 2148 466 2214 Marcianus
485 2150 658 2216 eximendi:
682 2173 758 2218 nam
777 2151 816 2216 de
831 2150 1026 2218 cassiodoro
1045 2152 1247 2236 incomperta
1264 2175 1325 2237 res,
1343 2153 1429 2237 quod

281 2256 350 2321 eius
383 2256 421 2321 de
454 2259 670 2344 grammatica
700 2261 799 2342 caput
828 2258 979 2324 mutilum
1008 2258 1044 2324 in
1073 2259 1145 2324 fine.
1192 2257 1255 2324 Sed
1283 2257 1428 2324 Isidorus

281 2384 358 2427 sane
389 2365 426 2429 da
457 2365 563 2430 metria
589 2365 754 2450 integrum
783 2367 880 2448 caput
902 2362 932 2447 I,
955 2364 1013 2448 38,
1037 2385 1234 2448 quamquam
1256 2385 1372 2447 parum
1394 2365 1427 2430 id

280 2469 491 2556 fructuosum,
514 2471 758 2537 commentariis
781 2471 820 2536 de
839 2469 1055 2555 grammatica
1073 2471 1141 2536 suis
1160 2471 1306 2536 inseruit.
1342 2470 1428 2536 Illud

281 2581 389 2642 autem
403 2577 510 2644 Varro
533 2599 593 2642 nec
615 2579 649 2643 in
663 2577 918 2661 Disciplinarum
941 2577 1034 2642 libris
1053 2577 1218 2660 praestitit
1235 2599 1304 2662 nec,
1327 2600 1427 2662 qnan-

280 2689 351 2749 tum
373 2683 515 2750 iudicare
539 2706 556 2749 e
579 2685 867 2771 grammaticorum
892 2683 1021 2747 silentio
1045 2683 1131 2766 licet,
1155 2684 1190 2747 in
1209 2685 1298 2750 latnie
1315 2687 1352 2750 dc
1369 2686 1427 2750 lia·

276 2815 341 2876 pua
372 2793 473 2858 latina
503 2792 544 2856 ad
568 2789 770 2876 Ciceronem,
800 2811 913 2855 verum
943 2789 977 2853 in
1002 2789 1047 2853 eis
1072 2811 1152 2873 quos
1175 2791 1219 2856 od
1239 2791 1426 2856 Marcellum

280 2901 419 2984 scripsit.
464 2899 656 2965 Plenissime
686 2899 773 2964 enim
800 2897 863 2963 hoc
887 2919 904 2962 e
926 2896 1036 2962 Rufini
1061 2897 1169 2980 priore
1194 2897 1426 2963 commentario

279 3008 503 3093 cognoscitur,
535 3029 598 3092 quo
631 3006 797 3072 doctrinae
828 3003 1051 3070 Varronianae
1086 3004 1254 3087 praeclara
1284 3003 1426 3069 frustula

278 3113 358 3178 haec
381 3113 532 3178 servavit.
569 3113 604 3178 P.
628 3113 692 3178 379
712 3134 758 3195 sq.
782 3114 802 3192 ἕ
821 3112 851 3175 6.
872 3112 889 3175 7
914 3108 1028 3175 Gaini:
1058 3109 1157 3176 Varro
1180 3111 1214 3174 in
1234 3109 1318 3175 VII:
1341 3111 1425 3176 clau·

277 3220 364 3285 ador
385 3240 502 3302 potoque
518 3221 659 3303 menum
682 3217 853 3300 appellatae
875 3217 990 3298 onear,
1012 3216 1094 3297 quod
1115 3215 1290 3281 caudeae
1310 3223 1425 3284 cenwa-

350 3375 376 3446 *)
395 3376 468 3432 Nolo
487 3376 615 3447 exempla
633 3389 783 3445 congerere
801 3373 832 3428 in
850 3389 880 3428 rc
894 3373 1034 3427 confessa:
1054 3371 1190 3428 concinna
1204 3375 1297 3428 autem
1312 3377 1425 3444 praeter

279 3465 401 3536 reliquos
419 3465 558 3521 brevitate
578 3465 685 3520 Seneca
703 3463 782 3534 epist.
802 3468 836 3520 88
856 3461 931 3517 init:
955 3464 1150 3533 pronrnraticus
1168 3463 1242 3517 circa
1260 3479 1354 3517 curam
1372 3479 1425 3518 eer-

278 3557 367 3611 monia
384 3559 517 3620 caemar,
536 3559 561 3608 et
578 3555 603 3608 ci
622 3554 707 3608 lanua
724 3553 837 3622 conpari
853 3553 921 3618 cult,
939 3553 1015 3606 circa
1032 3552 1178 3618 historica·
1200 3551 1257 3606 tom
1275 3556 1307 3605 ut
1325 3552 1425 3620 loupia-

186 3639 194 3654 '
277 3646 343 3700 aim
365 3645 433 3712 finer
455 3657 519 3698 sace
539 3643 678 3712 proferat,
705 3643 780 3696 circa
803 3642 937 3696 connino.
976 3638 1053 3705 Quae
1071 3655 1136 3694 mox
1154 3638 1194 3692 sic
1212 3638 1424 3710 interpretatur:

278 3734 448 3806 syllabarum
470 3733 612 3788 errorratio
630 3737 655 3786 et
673 3731 814 3786 vacnum
832 3731 991 3799 dilr'penlio,
1014 3735 1039 3783 ct
1056 3727 1217 3796 [otmarum
1235 3731 1376 3794 memorio,
1401 3735 1426 3783 ct

278 3837 404 3876 ananam
418 3823 461 3876 lac
475 3825 500 3876 et
513 3821 686 3888 modificatio.
711 3819 770 3874 Neo
784 3819 861 3874 aliud
877 3817 1065 3883 Quintilianus
1079 3817 1197 3886 spectat,
1216 3823 1284 3872 recte
1298 3819 1426 3888 loquendi

276 3911 405 3964 sclemiae
430 3913 455 3964 rt
474 3915 620 3978 portorum
642 3911 817 3964 emanares
838 3909 958 3963 musicen
981 3907 1098 3976 iungens
1118 3907 1130 3958 1
1159 3923 1180 3961 c.
1201 3911 1230 3976 4,
1254 3909 1325 3962 citro
1343 3923 1424 3976 pacm

277 4015 333 4054 non
353 4013 433 4068 poree
455 3997 603 4066 perfectam
628 4013 681 4053 cece
702 4000 910 4069 prommoticen,
938 4013 999 4051 cum
1025 3998 1050 4052 ci
1072 3997 1105 4050 de
1127 3999 1219 4052 metris
1241 3997 1425 4066 rhythmisque

277 4088 484 4144 dicendumar.
523 4085 629 4152 Quibus
647 4086 778 4142 addenda
795 4089 860 4142 sunt
877 4103 949 4155 qnae
967 4085 1002 4140 de
1021 4085 1207 4154 grammatica
1225 4085 1348 4139 musicae
1366 4084 1424 4140 aive

278 4176 439 4232 consociata
463 4175 522 4232 aire
548 4175 675 4231 subiecta
700 4175 877 4246 persequitur
895 4175 921 4244 1,
942 4181 987 4244 10,
1009 4179 1039 4229 17
1056 4192 1096 4244 sq.
1139 4172 1243 4230 Contra
1266 4173 1425 4228 Marcianus

278 4282 362 4334 quam
375 4245 506 4322 'voluerit
523 4282 542 4320 a
559 4266 745 4338 grammatica
763 4265 931 4334 diremptam
951 4280 1010 4319 ease
1028 4263 1187 4332 metricam,
1211 4262 1254 4318 hie
1273 4262 1364 4318 verbis
1383 4264 1423 4318 te-

277 4357 398 4410 stantem
417 4355 485 4410 laoit
503 4355 657 4410 Minervam
676 4355 714 4409 111
742 4371 769 4423 p.
789 4359 836 4408 93:
862 4369 927 4407 nom
945 4353 971 4406 si
988 4353 1168 4422 rhythmicum
1187 4351 1255 4420 quid
1272 4351 1424 4405 metricum·

277 4459 328 4512 par
347 4484 353 4497 .
373 4485 379 4498 .
400 4485 406 4498 .
426 4446 612 4514 assumpserat,
626 4443 750 4514 profecto
769 4443 891 4498 Maricas
909 4445 1021 4512 impetu,
1037 4443 1118 4497 cuius
1126 4442 1280 4510 protomar
1293 4441 1424 4508 officium,

277 4532 452 4601 discerpserit
470 4531 691 4602 (Grammatico).
