3302 5106
288 351 353 418 378
705 367 752 414 nn
776 367 811 414 u.
834 367 1007 446 rannonrs

285 511 397 594 phioos
425 509 607 596 spectantia
633 511 675 576 ab
703 509 847 594 ipsisque
875 510 1128 596 orthographiae
1156 513 1342 579 auctoribus
1365 518 1429 580 tra·

285 618 362 684 dita.
407 617 458 684 Ex
481 617 656 702 Papiriano
680 615 892 684 Cassiodorus
920 616 959 681 de
987 617 1131 704 orthogr.
1158 618 1239 686 haec
1261 622 1430 706 excerpsit,

285 748 366 812 quae
394 725 480 792 infra
502 725 703 808 scripsimus.
748 723 783 788 P.
807 725 907 790 2290:
937 746 1052 791 uurure
1072 745 1131 808 ρον
1159 747 1258 792 unum
1284 749 1302 790 r
1323 730 1428 796 sortiri-

284 839 347 912 tur,
375 837 412 898 ut
439 833 575 898 Varroni
597 833 708 914 placet.
737 837 856 898 snuuhrs
884 837 928 898 est
954 833 1037 898 enirn
1058 833 1271 916 clynrclopr'ons
1292 837 1429 903 nominis

283 941 361 1020 cius,
392 961 455 1021 quo
482 959 603 1022 ononis
629 941 743 1004 dicitur
768 940 824 1022 qui
850 941 908 1005 soit
928 945 958 1005 ct
979 941 1091 1024 accipit
1110 941 1193 1023 quod
1213 941 1297 1024 upui
1318 943 1428 1010 dalani.

283 1048 412 1129 ιῑοηίριο
438 1048 613 1128 compositio
640 1047 723 1112 nuti
749 1047 976 1130 inscribitur,
1006 1048 1162 1130 ίρνιονανο,
1189 1069 1269 1130 quac
1289 1069 1353 1115 non
1369 1071 1429 1134 ρον

282 1153 343 1217 duo
371 1175 401 1237 r,
430 1155 483 1218 sul
502 1175 561 1236 ρον
587 1174 686 1218 unum
711 1152 863 1218 scribitur.
908 1152 944 1218 Ρ.
967 1153 1068 1218 2291:
1101 1159 1200 1237 traps,
1231 1155 1271 1220 at
1292 1177 1325 1222 oo
1348 1161 1430 1239 quod

282 1262 397 1326 eluitur
425 1262 534 1345 trahis,
565 1267 595 1326 et
619 1282 695 1344 urps
716 1281 821 1344 perp
849 1260 954 1326 dotent
978 1260 1084 1338 soni,
1117 1261 1185 1326 licat
1213 1261 1312 1328 Varro
1329 1285 1388 1346 ρον
1409 1265 1428 1330 b

282 1370 474 1436 scribendum
491 1373 586 1450 putot,
608 1370 690 1451 pund
710 1371 745 1434 in
767 1368 895 1450 reliquis
913 1367 1032 1434 mnus
1045 1367 1063 1432 b
1076 1367 1215 1434 holcani.
1238 1371 1341 1453 quode
1360 1372 1426 1456 plc-

282 1476 357 1542 nius
371 1476 527 1544 Varronis
546 1476 690 1542 rationes
706 1474 845 1542 Scaurus
865 1475 904 1538 da
923 1473 1069 1559 orthogr.
1087 1497 1117 1559 p.
1132 1476 1216 1542 2261
1238 1477 1426 1560 explicavit:

282 1604 345 1648 non
362 1589 445 1650 curet
462 1583 636 1666 mestuus
653 1583 746 1648 etium
753 1581 841 1664 plebs
853 1586 882 1647 et
894 1581 976 1660 urbs,
994 1585 1023 1645 ct
1035 1581 1153 1664 Pelops.
1171 1603 1249 1664 quac
1268 1582 1368 1648 Varro
1380 1585 1427 1649 ito

281 1691 453 1776 intinquit,
474 1697 510 1755 ut
526 1711 585 1774 per
607 1691 625 1756 b
647 1694 676 1754 et
692 1711 709 1754 s
727 1711 764 1756 eu
781 1689 971 1754 nominativo
988 1709 1062 1754 cusu
1075 1694 1163 1771 pinu
1180 1711 1242 1755 csso
1258 1692 1426 1771 εονίὸονιάα,

281 1817 359 1880 quoa
380 1798 506 1862 undem
529 1797 664 1862 lituum
682 1795 819 1878 pcnetioo
842 1795 973 1860 reddunt
994 1799 1029 1860 ut
1044 1795 1131 1876 plebs
1147 1796 1255 1880 plebis,
1277 1798 1350 1864 urbs
1372 1821 1424 1864 nr-

281 1905 336 1982 bis,
359 1925 396 1969 oo
417 1923 486 1968 vcro
503 1923 562 1985 ρον
578 1923 604 1984 ρ
627 1907 655 1966 ct
676 1923 705 1981 s,
729 1923 807 1983 quac
828 1902 971 1968 nunno
989 1903 1126 1984 penativo
1147 1903 1281 1969 ciusdem
1303 1907 1426 1971 nunrori

281 2013 317 2076 in
339 2012 392 2092 pis
413 2014 581 2074 occurrunt
602 2014 637 2072 nt
658 2008 768 2089 Pelops
790 2007 921 2090 Pelopis.
965 2007 1137 2074 Praeterea
1159 2009 1271 2076 Velius
1294 2011 1425 2098 Longus

282 2115 321 2180 do
345 2113 489 2199 orthogr.
512 2135 542 2197 p.
561 2112 662 2178 2233:
684 2114 729 2178 sic
750 2113 843 2178 etiarn
865 2114 981 2180 uolnus
997 2115 1101 2195 placat
1128 2115 1270 2196 Varroni,
1293 2140 1356 2186 non
1377 2121 1425 2185 ‹u-

282 2214 371 2289 lerus.
393 2243 456 2287 non
478 2222 574 2298 onim,
597 2224 633 2284 ut
653 2219 781 2300 quidum
803 2220 994 2303 continuant,
1016 2241 1038 2284 u
1052 2241 1161 2304 orooro
1185 2228 1284 2288 traam
1305 2245 1365 2289 nou
1381 2231 1426 2291 ast

282 2325 370 2414 παρὰ
394 2325 432 2396 τὸ
456 2333 585 2414 ληρεῖν,
607 2328 660 2393 sul
681 2330 725 2392 est
746 2326 848 2392 latinu
869 2325 988 2412 (insero
1011 2348 1033 2391 o
1055 2328 1118 2393 lira
1139 2329 1160 2394 i.
1183 2325 1221 2416 ο.)
1243 2330 1334 2396 sulco.
1366 2333 1424 2396 itu·

281 2459 338 2521 quc
359 2438 451 2504 nunti
473 2435 566 2512 boues
589 2454 658 2500 urm
680 2453 712 2500 so
733 2455 755 2498 u
777 2439 855 2500 recto
877 2439 948 2500 actu
965 2435 1065 2516 operis
1082 2435 1270 2516 detorserim,
1293 2437 1426 2502 delirare

281 2546 439 2621 dicimur,
470 2543 514 2607 sic
545 2541 600 2623 qui
626 2561 647 2604 a
674 2545 756 2607 rectu
782 2542 834 2606 oro
862 2543 941 2606 ottae
963 2543 1007 2608 ad
1021 2564 1157 2625 ρναυαννο
1179 2544 1341 2630 declinant,
1367 2565 1426 2627 ρον

279 2649 515 2717 similitudinon
547 2647 763 2714 translationis
793 2649 866 2714 item
897 2649 1030 2714 delirare
1059 2651 1287 2716 cnntirnuntur.
1338 2652 1424 2718 Nam

280 2761 409 2842 praetor
431 2755 511 2822 hacc
534 2759 679 2820 extrema
700 2753 801 2820 verba
822 2776 888 2820 non
911 2759 1021 2840 potest
1043 2777 1108 2820 non
1131 2757 1203 2841 ipsa
1226 2780 1352 2844 quoquo
1371 2782 1424 2826 cx·

279 2863 413 2946 plicatio
433 2861 590 2928 Varronis
614 2883 692 2928 csse.
738 2859 908 2928 Postremo
931 2862 1016 2928 idem
1036 2862 1148 2928 Velius
1167 2886 1198 2947 p.
1212 2865 1313 2932 2236:
1335 2887 1423 2930 nurn-

279 2991 336 3052 qua
367 2971 466 3034 minna
497 2973 526 3033 ct
551 2969 762 3034 oonrmircinrn
787 2989 903 3051 quoquc
924 2990 983 3051 ρον
1009 2971 1023 3033 i
1044 2971 1182 3052 annonis
1204 2971 1423 3056 relinquamus,

279 3077 366 3158 opud
391 3095 467 3157 qrws
492 3095 586 3158 οοραο
611 3080 640 3140 ct
662 3075 837 3141 Mircurius
854 3097 912 3158 ρον
934 3077 947 3140 i
968 3076 1136 3161 dicebatur,
1163 3079 1245 3160 quod
1265 3079 1423 3144 mirando

280 3203 351 3248 rum
378 3187 452 3248 asset
473 3203 576 3248 rerum
600 3184 750 3260 incatur,
778 3187 814 3246 ut
841 3181 941 3248 Varro
963 3183 1045 3248 duit.
1071 3183 1186 3248 nostris
1207 3184 1273 3248 ium
1295 3186 1424 3251 nrnu

282 3292 379 3370 [sucus
406 3289 525 3373 placet]
556 3289 669 3356 scilicet
692 3309 751 3370 ρον
776 3309 792 3353 ο
818 3293 854 3354 nt
879 3293 908 3354 ct
929 3288 1106 3356 Morunius
1128 3295 1157 3354 ct
1177 3293 1357 3356 communit
1378 3293 1424 3358 di-

280 3401 397 3462 cuntur.
435 3393 488 3460 Sic
512 3397 597 3462 enim
620 3394 871 3480 redintegranda
890 3393 1047 3478 videntur,
1070 3415 1152 3480 quas
1171 3395 1218 3460 sic
1235 3395 1423 3482 vulgantur:

280 3503 520 3568 ...invertton
564 3509 594 3568 ot
620 3503 720 3570 Varro
746 3503 822 3567 elisit
846 3502 962 3568 nostrus
988 3502 1054 3566 ium
1080 3502 1209 3568 aurun
1237 3503 1350 3568 sutton
1366 3523 1424 3585 ρον

279 3629 303 3691 ο,
325 3613 354 3674 ct
374 3613 410 3674 ut
431 3609 479 3674 M.
503 3633 525 3676 ο.
548 3631 572 3675 ο.
595 3611 624 3675 d.
648 3649 690 3656 —
714 3607 866 3675 (latarum
893 3608 976 3674 nihil
1005 3607 1166 3674 voluimus
1194 3629 1306 3674 eorum
1329 3631 1421 3693 pras·

279 3716 471 3796 trasmittere,
498 3739 580 3802 quaa
604 3717 712 3802 aliquo
735 3717 832 3784 modo
855 3719 1016 3801 possent
1038 3715 1072 3780 in
1095 3713 1422 3800 orthographioorum

239 3843 266 3883 so
280 3823 469 3890 societatem
492 3825 612 3890 ranirc:
636 3847 713 3890 nam
736 3824 830 3907 talia,
852 3821 962 3908 qualia
986 3823 1063 3888 sunt
1086 3819 1125 3886 de
1147 3821 1263 3886 ildinus
1286 3826 1319 3888 et
1341 3823 1423 3888 Mir-

279 3931 384 3995 curius
407 3929 581 4014 disputata,
604 3953 663 3996 sua
686 3933 801 4015 sponte
824 3928 1026 4014 intellegitur
1048 3949 1105 4012 por
1125 3925 1302 3994 multarum
1326 3951 1421 4013 quae-

280 4036 421 4102 stionum
445 4037 647 4103 occasionum
670 4037 804 4103 tractari
827 4035 983 4120 potuisse.

808 4237 827 4314 ᾖ
854 4233 903 4298 13.

368 4357 399 4424 N
406 4379 624 4424 umerorum
647 4361 714 4424 tam
738 4358 829 4422 varia
852 4357 885 4422 iu
909 4357 1035 4424 artibus
1053 4355 1144 4424 notio
1163 4359 1294 4440 tamque
1313 4353 1422 4419 multi·

280 4465 355 4549 pler
382 4487 460 4530 usus
488 4469 550 4550 est,
581 4469 620 4530 ut
648 4487 714 4532 non
744 4465 789 4530 sit
814 4463 996 4530 mirandum
1024 4465 1059 4530 in
1087 4465 1228 4550 quinque
1251 4461 1422 4528 minimum
