3302 5106
274 358 340 424 380
691 373 738 420 nn
762 375 797 422 u.
823 373 997 424 vsuuours

273 518 383 584 secuda
409 518 481 583 siut.
513 516 652 599 coaptas
675 522 787 597 namo,
810 517 918 600 inquit,
941 519 987 582 oet
1009 519 1130 584 rutilitas
1153 519 1264 584 taliam
1285 521 1421 603 decepti-

274 645 390 690 norum
408 627 442 690 ia
454 625 689 708 postprincipiis
707 625 834 709 neustr,
856 645 926 690 aroc
938 625 1090 708 perfectae
1107 625 1319 708 absolutaeque
1332 632 1421 692 sicot:

274 734 308 795 iu
320 733 489 815 punctulis
506 752 575 797 uero
597 732 674 814 ipsis
695 732 815 814 inepta
837 737 865 798 ct
886 733 1028 799 insuaves
1049 734 1199 798 adeatur.
1227 733 1297 810 Quo
1312 737 1420 799 autem

272 838 368 904 modo
378 839 591 924 geometricas
608 841 641 903 et
655 838 805 904 metricas
821 840 965 904 rationes
981 839 1189 924 copulauerit,
1201 862 1266 906 uno
1280 841 1421 907 notabili

275 945 424 1029 exemplo
447 945 580 1010 docetur
603 945 644 1010 ab
669 945 781 1010 eodem
800 944 905 1010 Gellio
919 944 1039 1030 XVIII,
1056 948 1097 1014 15
1120 947 1266 1032 prodito:
1289 949 1421 1016 Murcus

273 1055 367 1118 etium
396 1052 495 1118 Varro
523 1053 558 1116 in
582 1052 669 1118 libris
691 1051 942 1135 Disciplinarum
963 1054 1088 1136 sempsit
1109 1053 1279 1120 obserasse
1300 1076 1363 1120 sese
1384 1057 1420 1120 irs

271 1181 360 1225 onan
386 1159 572 1243 temowtro,
600 1161 682 1242 quod
708 1161 881 1225 omatmoda
904 1161 1031 1242 quintas
1052 1163 1181 1244 usurpes
1202 1161 1325 1228 vamum
1347 1164 1418 1244 fiai-

271 1272 325 1344 ret,
348 1271 377 1331 ct
397 1268 479 1349 quod
493 1267 616 1358 priores
637 1267 770 1348 quiaque
793 1267 955 1348 aarum
977 1289 1070 1350 aeque
1088 1289 1235 1352 umquam
1252 1270 1316 1334 cim
1332 1269 1418 1334 tate-

271 1380 340 1440 rcut
367 1373 401 1438 iu
424 1373 581 1456 esfiu'cudo
603 1393 692 1438 oasa
714 1379 804 1456 amru
826 1373 885 1438 ulii
901 1376 1084 1456 postutare
1106 1381 1234 1458 septem:
1261 1377 1352 1459 r'dque
1374 1377 1418 1458 tp

271 1503 341 1546 erum
359 1483 479 1548 rationo
497 1481 633 1563 quendam
647 1481 873 1564 geometrica
889 1481 960 1563 ficri
976 1483 1107 1547 disserit.
1139 1481 1177 1545 Id
1197 1481 1297 1567 igitur
1309 1483 1417 1548 nescio

272 1612 313 1654 au
341 1589 376 1653 iu
402 1588 476 1672 ipso
506 1587 545 1652 de
573 1587 752 1672 geometria
778 1586 862 1651 libro
890 1587 1004 1669 fecerit
1031 1587 1141 1670 potius
1166 1610 1262 1672 quam
1286 1611 1323 1670 eo
1347 1589 1418 1654 loco

273 1719 337 1782 quo
361 1695 540 1762 carminum
563 1715 716 1759 numeros
740 1693 849 1760 dedita
872 1716 972 1779 opera
995 1695 1175 1779 explicavit.

797 1894 817 1973 s
843 1893 892 1956 14.

359 2017 483 2082 Deinde
516 2021 625 2081 autem
655 2015 725 2080 fieri
755 2038 822 2081 non
849 2017 958 2100 potuit
985 2017 1063 2102 quin
1086 2017 1249 2083 communi
1272 2021 1416 2083 veterum

271 2123 503 2189 cousuetudine
535 2123 635 2187 etiam
665 2123 699 2186 in
729 2121 888 2186 musicis
917 2123 1085 2188 metricam
1114 2128 1216 2188 artem
1239 2122 1345 2189 Varro
1369 2129 1416 2189 at-

269 2229 419 2316 tingeret.
468 2228 514 2293 Et
530 2227 655 2314 ¹attigit
683 2228 781 2292 etiam
809 2227 951 2293 Isidorus
978 2227 1029 2293 III
1061 2253 1086 2295 c.
1110 2231 1166 2309 22,
1197 2229 1281 2314 quod
1310 2237 1417 2316 caput,

269 2338 305 2402 dc
327 2337 453 2403 ornans
474 2337 612 2402 numeris
635 2335 838 2420 inscriptum,
861 2335 913 2400 his
935 2336 1042 2402 verbis
1061 2337 1260 2402 terminavit:
1283 2338 1416 2404 ausam

269 2444 403 2508 maenae
420 2443 605 2524 perfectione
622 2446 715 2507 amm
733 2449 831 2508 metra
849 2444 1017 2508 consatuot
1035 2445 1070 2508 io
1087 2445 1154 2509 ursi
1171 2449 1200 2508 et
1217 2444 1301 2527 tlresl,
1324 2445 1418 2510 idest

270 2551 433 2616 elevatione
446 2555 475 2615 et
484 2551 644 2634 positione,
663 2550 734 2616 coll.
750 2573 775 2616 c.
793 2551 842 2634 17,
857 2551 892 2634 23
920 2549 1086 2635 aliquanto
1101 2555 1210 2616 autem
1225 2551 1416 2635 explicatius

270 2656 456 2722 Marcianus
480 2655 526 2720 IX
553 2681 584 2741 p.
607 2657 671 2722 327
692 2680 761 2742 sqq.
789 2658 828 2722 de
852 2659 1048 2742 momentus,
1069 2659 1211 2742 pecias,
1238 2658 1417 2742 rhythmicis

229 2785 255 2826 es
266 2765 426 2848 pen-erutae
449 2765 610 2848 matrisque
632 2765 714 2850 egit,
736 2787 802 2830 uon
825 2765 1054 2850 praetermissa
1077 2765 1292 2850 geometricae
1316 2765 1414 2831 arith·

270 2872 468 2958 meticaeque
493 2872 735 2957 comparatione
758 2870 804 2956 (p.
823 2873 887 2936 327
907 2869 997 2958 ima).
1021 2871 1223 2957 Augustinus
1248 2894 1374 2957 quoque
1399 2895 1415 2938 e
1463 2957 1466 2960 ,

269 2980 392 3044 musica
424 2979 530 3045 voluit
557 2985 726 3064 poetarum
750 3002 900 3045 numeros
923 3000 1022 3045 ueros
1046 3001 1116 3043 esse
1140 2979 1179 3043 de
1202 2979 1268 3044 ord.
1292 2977 1334 3062 11,
1356 2980 1414 3044 40:

269 3109 346 3150 num
373 3087 408 3150 iu
433 3087 513 3171 ipsis
537 3087 678 3153 musicae
702 3087 795 3152 libris
818 3087 867 3152 Vl
890 3086 930 3152 ad
954 3086 1107 3152 metricae
1132 3085 1212 3152 artis
1236 3089 1415 3171 pertracta—

271 3193 393 3258 tionem
426 3216 492 3260 non
523 3195 715 3280 penetravit.
762 3194 865 3271 Quam
897 3196 1005 3258 autem
1035 3194 1178 3258 musicae
1204 3193 1415 3278 partitionem

270 3299 483 3366 Cassiodorus
507 3324 533 3366 c.
558 3301 579 3368 5
602 3306 636 3367 et
659 3301 804 3366 Isidorus
822 3301 881 3386 III,
902 3303 940 3366 17
966 3298 1063 3388 (alios
1087 3301 1191 3366 acleus
1214 3299 1321 3387 taceo)
1340 3323 1415 3385 pro·
1472 3301 1476 3309 “

269 3429 420 3490 posuere,
450 3407 507 3472 illa
535 3412 571 3473 ut
597 3408 704 3473 tribus
726 3409 875 3494 partibus
900 3411 1065 3473 constaret
1087 3407 1281 3486 tarowaico,
1311 3406 1414 3491 rlrptlr·

269 3515 362 3597 roma,
390 3515 532 3580 rratrc'co:
565 3536 603 3580 ea
630 3515 691 3580 etsi
718 3515 845 3580 videtur
867 3515 974 3601 primo
998 3519 1143 3600 aspectu,
1166 3519 1278 3578 tamen
1301 3535 1414 3598 reapse

268 3643 334 3686 uon
366 3624 492 3708 pugnat
524 3643 596 3687 cum
619 3620 777 3687 Varronis
806 3622 864 3686 illa
892 3621 1063 3706 divisione,
1096 3643 1160 3705 qua
1187 3621 1316 3686 easdem
1345 3643 1414 3685 esse

270 3731 380 3812 partes
405 3733 572 3810 κανονικῆε
596 3729 721 3794 statuit.
768 3727 853 3794 Nam
876 3727 957 3793 haec
975 3729 1004 3793 si
1021 3729 1205 3793 necessario
1224 3731 1415 3814 pugnarent,

268 3835 410 3900 indidem
439 3836 538 3902 etiam
565 3835 645 3902 illud
669 3841 933 3922 consequeretur,
963 3837 1069 3921 ipsam
1092 3835 1248 3900 musicam
1271 3858 1338 3901 non
1361 3857 1414 3921 pe-

269 3942 423 4028 culiarem
442 3941 695 4027 Disciplinarum
718 3944 839 4009 librum
862 3964 1044 4027 occupasse,
1068 3942 1124 4008 sed
1150 3947 1325 4008 tractatam
1345 3964 1414 4008 esse

269 4050 303 4114 iu
335 4048 527 4134 geometria,
555 4050 645 4115 cuius
675 4073 751 4136 pars
775 4055 825 4116 est
847 4053 1007 4131 κανονική.
1052 4048 1155 4136 Atqui
1177 4051 1213 4116 in
1237 4051 1415 4135 geometria

268 4160 519 4222 consentaneum
543 4159 593 4220 est
615 4177 717 4242 genus
736 4157 921 4223 universum
941 4155 1107 4222 delinitum
1127 4177 1206 4236 esse,
1230 4159 1414 4220 enarratam

269 4266 378 4328 autem
411 4283 428 4328 e
458 4263 677 4347 compluribus
710 4264 778 4329 eius
806 4263 933 4350 generis
960 4263 1074 4329 formis
1103 4285 1175 4330 eam
1199 4267 1327 4328 tanturn
1350 4261 1414 4327 lor·

268 4391 355 4434 mam
379 4369 446 4434 sire
471 4369 620 4455 speciem,
643 4393 741 4455 qnam
764 4371 895 4454 proprio
914 4371 1044 4438 nomine
1063 4371 1183 4437 dictim
1202 4369 1415 4456 geometriam

268 4475 517 4561 interpretamur
546 4479 699 4542 consueta
726 4476 885 4562 hodieque
912 4479 1059 4546 notione:
1092 4479 1206 4544 eadem
1230 4481 1339 4542 autem
1362 4499 1412 4542 ra·
