3302 5106
298 374 364 440 416
715 393 763 439 ns
786 393 820 439 u.
845 389 1019 440 vsuuours

299 534 471 600 intervallo
501 533 542 598 ab
572 535 644 618 ipso
675 557 759 600 anno
785 534 849 599 700
876 533 1036 617 plurimas
1063 531 1195 596 illorum
1220 533 1303 596 vitas
1332 533 1446 598 abesse

298 640 533 727 intellegimus:
566 641 614 706 its
640 645 752 706 tamen
774 645 810 706 ut
838 640 969 724 reliquis
993 639 1192 724 logistoricis
1215 641 1376 705 recentior
1399 641 1444 704 vi-

299 747 414 813 deatur
428 748 507 813 Pisis
526 771 605 832 esse,
624 748 787 833 antiquior
805 749 938 832 reliquis
953 747 1095 825 Sisenes,
1115 746 1178 810 nisi
1197 745 1325 830 quidem
1346 747 1445 811 etiam

299 856 400 938 priori
429 857 529 920 aetati
554 855 667 921 Gallus
689 856 879 921 Fundanius
909 853 1100 919 tribuendus
1131 857 1181 918 est
1210 857 1344 938 propter
1374 877 1445 918 earn

299 966 482 1045 temporum
510 963 669 1028 rationem
697 984 778 1048 quae
808 959 1005 1026 intercedere
1034 960 1120 1025 inter
1150 961 1254 1025 soceri
1278 965 1311 1024 et
1334 962 1445 1046 generi

300 1069 386 1132 vitas
410 1069 503 1134 solet.

390 1173 482 1250 Quod
512 1174 552 1239 ed
581 1174 720 1240 formam
750 1177 870 1240 attinet
900 1175 1153 1259 commentandi,
1185 1176 1344 1240 sermonis
1376 1176 1446 1240 ie.

300 1279 423 1366 dialogi
447 1282 517 1347 leve
535 1281 690 1348 indicium
709 1284 871 1368 quoddam
890 1287 998 1348 exstat
1016 1284 1048 1350 in
1064 1281 1138 1348 (lati
1156 1281 1341 1368 fragmento
1360 1283 1445 1366 apud

299 1384 443 1452 Nonium
474 1410 505 1472 p.
527 1389 605 1454 494:
642 1391 732 1455 celim
761 1391 953 1470 semicrustas,
984 1391 1122 1472 inquit,
1154 1391 1218 1473 ipse
1245 1412 1305 1454 usu
1333 1409 1444 1472 mayoc

294 1495 487 1577 pusillulis
507 1495 644 1575 fororum
666 1498 784 1561 audire.
831 1497 938 1562 Nimis
962 1497 1048 1561 enim
1071 1496 1235 1582 ambigua,
1257 1519 1354 1581 quam
1378 1496 1445 1580 qui·

226 1627 287 1666 xm
301 1602 362 1666 bus
386 1601 509 1685 aliquid
533 1602 568 1665 in
590 1602 652 1667 hoe
676 1624 793 1688 genere
816 1603 953 1687 tribuas,
976 1603 1056 1668 haec
1080 1607 1157 1668 suut
1180 1627 1218 1668 ex
1237 1603 1349 1668 eodem
1368 1602 1448 1686 logi-

300 1709 421 1774 storico
441 1705 581 1774 aNonio
601 1713 751 1796 excerpts
774 1733 804 1794 p.
814 1710 893 1774 520:
916 1712 1036 1789 omnio,
1059 1712 1226 1793 inquam,
1250 1711 1285 1774 ia
1307 1710 1447 1774 ᾱοοθηάίε

294 1817 412 1901 paese,
434 1837 512 1898 qnae
530 1817 652 1898 dempta
669 1838 732 1882 aaa
744 1817 910 1900 prohibent
925 1839 1031 1882 ocium
1051 1818 1163 1882 mica
1180 1819 1259 1900 fieri,
1281 1817 1446 1882 maceria

299 1927 390 1986 mulo
419 1921 481 2006 (ita
509 1923 595 1988 enim
623 1923 702 1988 haec
730 1923 903 1990 scribenda
925 1922 1102 2011 videntur);
1141 1929 1174 1988 et
1196 1947 1226 2008 p.
1247 1925 1323 1990 108:
1356 1924 1448 1990 mihi

294 2049 392 2110 puero
415 2030 536 2093 modica
557 2051 623 2093 siaa
643 2030 707 2110 feeit
729 2033 834 2096 tiana
856 2037 885 2096 et
907 2036 990 2114 toga,
1017 2033 1084 2096 sim
1104 2033 1214 2113 fasciis
1235 2033 1447 2114 calceamenta,

300 2155 394 2216 equas
416 2137 483 2200 sim
504 2136 655 2222 ephippio,
678 2137 819 2202 balneum
842 2159 905 2203 noa
927 2139 1137 2217 cottidianum,
1159 2139 1264 2202 alvers
1281 2160 1390 2215 raras;
1414 2143 1448 2203 et

301 2242 445 2326 ePappo
460 2265 491 2327 p.
504 2243 559 2308 12:
581 2246 770 2309 nasturtium
787 2265 890 2310 noane
910 2247 1011 2310 vides
1033 2245 1073 2309 ab
1094 2267 1127 2309 co
1150 2246 1212 2310 diei
1233 2248 1315 2328 qnod
1334 2265 1448 2310 msam

301 2355 451 2433 torqrieal,
482 2352 674 2434 vcstispieam
705 2353 788 2435 quod
815 2358 925 2418 vmtem
956 2351 1088 2434 spaciat?
1125 2352 1153 2416 si
1181 2352 1260 2416 haec
1288 2357 1373 2417 recte
1400 2353 1448 2417 ita

191 2489 194 2496 ¹
226 2449 231 2459 ’
301 2457 425 2541 scripta
450 2461 526 2522 sunt
549 2480 569 2522 a
591 2457 747 2524 Mercero.
772 2495 813 2506 —-
840 2497 877 2506 -
905 2495 945 2506 -

380 2669 470 2736 Haec
484 2670 613 2756 quidem
627 2672 752 2756 pridem
771 2673 893 2756 scripta
912 2670 1048 2753 anobis,
1067 2671 1152 2734 utin
1166 2668 1266 2754 prael.
1281 2670 1447 2755 Parorgon

301 2802 332 2864 p.
354 2798 469 2844 xxvm
496 2779 669 2863 promissis
699 2783 869 2864 staremus,
892 2800 949 2862 per
968 2778 1095 2861 aliquot
1114 2797 1241 2840 menses
1265 2776 1297 2840 in
1319 2777 1447 2841 scriniis

302 2891 586 2971 pernoctaverant,
623 2909 696 2952 cum
729 2887 824 2950 uobis
860 2887 978 2950 allatae
1011 2889 1088 2948 sunt
1119 2883 1285 2948 Francisci
1318 2883 1448 2948 Oehleri

302 3015 381 3058 eura
404 2999 437 3058 et
460 3017 533 3058 cum
558 3016 634 3059 cura
653 2994 808 3060 collectae
823 2993 1015 3058 Saturarum
1030 2991 1275 3076 Menippearum
1290 2990 1448 3056 Varronis

303 3101 466 3184 reliquiae.
498 3099 661 3166 Collectae
680 3106 713 3165 et
733 3123 791 3185 pro
812 3101 895 3166 virili
914 3104 1007 3183 parte
1027 3099 1233 3183 explanatae:
1257 3097 1448 3162 emendatae

237 3245 242 3254 ‹
304 3208 432 3292 quidem
458 3209 539 3273 satis
563 3209 690 3274 modica
713 3230 751 3271 ex
775 3211 877 3290 parte,
899 3210 967 3270 tarn
992 3204 1138 3289 profecto
1163 3203 1298 3286 modica,
1322 3208 1358 3268 ut
1376 3225 1449 3288 ope·

304 3336 358 3378 rae
381 3315 523 3397 pretium
547 3314 691 3379 fecturus
711 3313 858 3378 videatur
877 3312 932 3398 qui
952 3334 1023 3376 eam
1042 3311 1242 3395 provinciam
1260 3332 1324 3374 uon
1344 3310 1449 3374 denuo

304 3423 447 3502 tantum,
480 3421 536 3485 sed
569 3420 608 3484 de
642 3420 770 3504 integro
803 3419 969 3503 suscipiat
1031 3417 1119 3484 Nam
1150 3421 1188 3481 ut
1220 3417 1287 3482 alia
1318 3417 1448 3482 silentio

304 3526 616 3612 praetermittamus,
652 3527 828 3592 satirarum
861 3525 1138 3591 Varronianarum
1172 3546 1245 3588 cum
1276 3524 1450 3609 praecipua

304 3633 376 3698 laus
399 3633 557 3720 quaedam
581 3639 614 3700 et
638 3634 812 3720 singularis
838 3634 946 3717 gratia
968 3634 1003 3698 in
1027 3654 1064 3698 eo
1089 3631 1259 3715 consistat,
1281 3631 1367 3714 quod
1390 3631 1448 3694 mi·

305 3764 376 3806 rum
404 3743 438 3807 iu
466 3742 597 3808 modum
626 3765 761 3828 eumque
789 3743 882 3806 valde
910 3739 1154 3805 memorabilem
1176 3737 1351 3803 distinctae
1375 3739 1450 3800 sunt

306 3871 456 3914 versuum
483 3849 702 3914 immistorum
730 3849 902 3914 varietate:
933 3846 967 3909 in
995 3846 1057 3909 hoc
1086 3845 1157 3928 ipso
1182 3863 1300 3929 genere
1323 3848 1391 3908 tam
1414 3863 1449 3906 se

306 3961 339 4021 et
355 3955 467 4020 rudem
484 3959 517 4021 et
535 3956 761 4040 neglegentem
780 3953 976 4022 norissimus
996 3948 1102 4015 editor
1120 3951 1300 4034 praestitit,
1323 3951 1361 4012 ut
1383 3969 1448 4011 non

305 4063 401 4128 modo
424 4062 578 4128 sescentis
603 4063 759 4146 exemplis
783 4065 897 4146 aperta
925 4062 958 4124 et
985 4057 1169 4124 indubitata
1192 4056 1373 4121 carminum
1397 4075 1450 4117 ve-

306 4170 418 4256 stigia,
445 4191 526 4254 quae
549 4172 715 4253 tamquam
739 4190 798 4233 sua
825 4169 942 4252 sponte
969 4166 1140 4230 incurrant
1166 4162 1348 4244 mucules,
1380 4159 1450 4242 ipse

305 4299 370 4341 non
402 4275 663 4360 deprehenderit,
696 4275 751 4339 sed
784 4275 921 4339 aliorum
954 4294 1081 4357 quoque
1113 4271 1165 4354 (ut
1197 4269 1234 4334 G.
1257 4266 1450 4351 Hermauni)

305 4383 500 4448 felicissimis
516 4383 700 4466 eisdemque
714 4379 902 4446 certissimis
917 4379 1057 4444 inventis
1072 4379 1120 4441 uti
1138 4397 1271 4460 prorsus
1290 4373 1452 4456 nescierit,

306 4493 339 4553 et
361 4489 488 4554 aurium
512 4489 630 4554 iudicio
654 4485 864 4552 hebetissimo
889 4491 923 4551 et
945 4483 1062 4551 mentis
1086 4479 1289 4568 pravissimo.
1326 4477 1387 4544 Sed
1412 4479 1450 4542 de
