3288 5100
518 387 596 435 srva
619 385 863 434 sennonanvu
887 383 991 430 nram.
1262 363 1326 426 559

185 533 218 593 et
236 527 400 595 Ciceronis
424 529 622 613 imaginibus
642 528 780 593 servatis
804 531 898 591 tanta
920 529 1088 609 praeterea
1106 521 1327 588 Romanorum

184 636 279 720 copia
303 640 470 700 oratorum
493 640 526 700 et
549 643 716 720 tamquam
740 633 908 699 affluentia
930 631 1133 716 suppetebat,
1156 633 1206 710 ut,
1230 650 1327 712 quam

185 741 317 806 difficile
345 747 431 806 esset
463 742 666 827 philosophis
695 741 854 806 Romanis
883 740 932 803 vel
960 759 1059 802 unam
1090 735 1327 801 hebdomadam

184 848 334 913 refercire
362 846 440 933 (nisi
473 849 558 913 sorte
590 849 653 913 huc
682 848 775 912 asciti
804 845 952 911 rhetores
981 843 1101 928 erant),
1132 847 1201 906 tam
1233 841 1328 906 facile

185 975 250 1018 non
279 955 374 1036 duae,
406 954 463 1018 sed
492 959 558 1020 tres
586 957 620 1019 in
648 954 834 1038 eloquentia
861 951 1080 1016 hebdomades
1108 950 1328 1014 Romanarum

185 1060 364 1145 imaginum
404 1061 579 1144 prodirent.
638 1060 666 1124 Ε
707 1060 824 1144 quibus
866 1081 966 1123 unam
1007 1058 1149 1122 servavit
1189 1056 1328 1120 fortasse
1425 1053 1428 1059 ’

186 1166 437 1250 Quinctilianus,
460 1167 546 1250 apud
570 1189 665 1251 quem
687 1167 852 1248 excipiunt
872 1163 1060 1230 Ciceronem
1083 1164 1157 1228 inde
1181 1185 1200 1226 a
1224 1165 1244 1242 ἐ
1266 1161 1328 1225 113

185 1274 318 1338 Asinius
341 1273 456 1356 Pollio,
479 1273 643 1356 Messalla,
666 1271 700 1338 C.
724 1271 853 1356 Caesar,
877 1270 1015 1354 Caelina,
1041 1267 1174 1352 Calvus,
1198 1267 1328 1332 Servius

187 1378 364 1464 Sulpicius,
391 1378 521 1445 Cassius
546 1378 695 1444 Severus:
722 1379 787 1443 nisi
815 1379 899 1463 quod
927 1399 986 1460 pro
1015 1374 1049 1440 O.
1074 1375 1225 1458 Caesare,
1253 1373 1328 1438 huic

187 1487 215 1550 si
238 1487 322 1551 forte
346 1509 422 1552 suus
446 1487 525 1551 alibi
549 1488 638 1550 locus
662 1507 833 1550 concessus
856 1485 932 1568 fuit,
958 1484 1047 1548 nullo
1070 1483 1203 1565 negotio
1227 1481 1328 1544 alium

186 1594 364 1676 quemlibet
400 1615 417 1657 e
455 1593 617 1657 Tullianis
654 1594 687 1658 in
723 1593 827 1656 Bruto
865 1591 965 1674 copiis
1003 1611 1154 1654 arcesses.
1201 1587 1329 1662 Quanta

185 1703 294 1762 autem
331 1699 364 1762 in
396 1697 523 1762 Latinis
561 1699 677 1762 litteris
715 1703 894 1778 oratorum,
931 1701 1025 1760 tanta
1062 1691 1330 1778 philosophorum

186 1805 391 1888 potissimum
416 1805 449 1868 in
474 1804 607 1868 Graecis
631 1803 833 1867 abundantia
855 1802 929 1866 fuit:
959 1824 997 1866 ex
1025 1802 1076 1864 his
1100 1800 1237 1864 utitem
1260 1821 1330 1881 per·

185 1910 352 1977 commode
371 1933 436 1974 uon
457 1911 538 1974 duae
557 1914 695 1990 tantum,
718 1909 773 1972 sed
796 1913 862 1973 tres
881 1907 1098 1972 hebdomades
1117 1907 1239 1986 fierent,
1262 1905 1330 1968 sive

185 2023 252 2082 tres
285 2016 391 2081 Varro
425 2021 548 2082 aetates
581 2015 817 2100 distinguebat,
851 2015 918 2078 sive
951 2017 1112 2078 sectarum
1145 2011 1331 2076 discrimina

186 2124 394 2208 sequebatur,
419 2115 485 2188 sivb
510 2145 526 2186 e
550 2121 718 2206 diguitatis
742 2121 969 2185 aestimatione
988 2118 1077 2204 (nam
1102 2119 1181 2182 haec
1204 2139 1330 2202 quoque

127 2301 132 2310 .
187 2231 216 2293 ei
240 2231 325 2295 ratio
354 2230 526 2314 aliquando
556 2231 682 2314 placere
710 2226 830 2311 potuit)
859 2228 1020 2309 triplicem
1045 2225 1190 2290 ordinem
1213 2223 1330 2288 consti·

190 2336 310 2400 tuebat
352 2335 462 2400 Aede
487 2335 620 2400 Graecis
646 2334 775 2419 quidem
799 2356 871 2397 cum
895 2332 1026 2396 omnino
1049 2353 1115 2395 non
1138 2330 1331 2411 laboremus,

186 2442 301 2524 quibus
330 2443 396 2505 fere
425 2441 529 2504 modis
559 2438 701 2526 (quando
730 2447 796 2503 non
825 2459 906 2501 unus
936 2433 1093 2521 suppetit)
1122 2459 1179 2519 per
1206 2439 1348 2518 septem¹

185 2546 405 2611 hebdomadas
429 2547 620 2610 distributos
645 2547 819 2628 scriptores
838 2544 940 2608 menti
958 2547 1088 2608 nostrae
1111 2542 1332 2626 informemus,

187 2652 225 2715 de
249 2651 407 2716 Romanis
430 2674 471 2716 ne
496 2651 571 2736 quid
596 2651 753 2716 hariolari
778 2651 943 2714 videamur
966 2655 1095 2732 praeter
1117 2649 1150 2712 id
1175 2649 1330 2732 quadres

186 2759 329 2844 flagitat,
357 2759 437 2822 satis
466 2758 586 2822 dictum
615 2759 677 2822 hoc
704 2763 787 2840 estc,
820 2763 886 2821 tres
914 2755 1134 2820 hebdomadas
1164 2761 1330 2820 oratorum

126 2948 129 2956 ,
187 2865 290 2948 excipi
320 2866 361 2929 ab
389 2863 618 2928 historicorum
647 2864 771 2928 duabus
799 2863 957 2947 potuisse,
985 2861 1038 2924 hia
1060 2861 1331 2944 philosophorum

187 2992 285 3035 unam
309 2970 475 3054 subiungi,
500 2969 604 3034 desini
627 2970 661 3033 in
685 2991 749 3034 una
772 2967 973 3033 hebdomade
997 2967 1151 3030 miscella.
1180 3005 1222 3012 -
1254 2967 1331 3031 Pos-

187 3080 292 3140 tremo
316 3076 352 3140 in
375 3076 437 3140 hac
460 3086 551 3160 parte
574 3099 640 3140 non
664 3080 713 3140 est
740 3074 1062 3158 praetermittendum
1086 3072 1185 3138 Nonii
1212 3097 1241 3156 p.
1266 3075 1329 3138 528

173 3171 408 3250 'testimonium
432 3183 515 3267 quod
537 3190 586 3247 est
605 3183 684 3248 tale:
709 3182 825 3247 ‘lucis
844 3202 977 3245 numero
1001 3181 1127 3264 plurali,
1150 3181 1234 3265 quod
1254 3185 1331 3244 sunt

187 3290 264 3356 dies.
298 3290 401 3355 Varro
421 3307 658 3380 sabomacum
683 3289 743 3353 sub
765 3289 908 3372 imagine
928 3285 1088 3350 Demetri’
1113 3309 1139 3351 e.
1158 3309 1187 3370 q.
1207 3309 1231 3352 a.
1264 3285 1330 3350 Vbi

188 3397 249 3458 etsi
273 3396 367 3458 multi
396 3395 534 3480 cogitari
561 3399 698 3480 possunt
726 3395 781 3478 qui
808 3393 1029 3458 interciderint
1056 3393 1194 3476 numeri,
1221 3397 1331 3457 tamen

187 3500 312 3563 nullum
344 3507 412 3564 tam
445 3502 479 3564 in
511 3501 693 3584 propinquo
726 3522 795 3564 ease
825 3503 960 3582 apparet
993 3521 1088 3583 quam
1121 3500 1176 3583 qui
1203 3499 1330 3563 iteratis

187 3605 307 3670 litteris
331 3607 483 3670 extremis
506 3606 629 3689 prodit:
652 3623 886 3670 sabomacum
912 3607 968 3670 um
991 3606 1022 3669 h.
1043 3627 1069 3669 e.
1093 3604 1330 3669 hebdomadum

188 3716 312 3776 octavo.
356 3711 478 3788 Quodsi
516 3734 553 3775 eo
592 3713 626 3776 in
662 3712 745 3775 libro
781 3711 973 3776 Demetrii
1006 3711 1186 3776 Phalerei
1222 3711 1330 3794 imago

188 3819 357 3882 conlocata
385 3823 468 3902 erat,
497 3818 584 3882 vides
613 3840 709 3902 quam
737 3817 771 3881 id
795 3823 870 3901 apte
898 3819 932 3882 in
960 3818 1163 3901 propositam
1191 3841 1211 3881 a
1237 3818 1331 3881 nobis

188 3927 221 3986 et
243 3945 302 4006 pro
322 3923 408 3987 virili
432 3929 525 4007 parte
544 3924 801 3990 commendatam
825 3923 1036 4006 partitionem
1059 3905 1203 4008 quadret,
1227 3947 1244 3988 e
1267 3946 1331 4007 qua

188 4029 281 4093 illum
304 4031 412 4113 ipsum
436 4029 553 4093 librum
578 4052 650 4093 cum
675 4031 791 4094 ceteris
816 4031 1027 4114 scriptoribus
1050 4034 1196 4094 oratores
1216 4027 1331 4093 Graeci

188 4136 399 4219 occupabant.

276 4242 314 4306 In
343 4243 480 4325 quinta
507 4242 611 4306 classe
643 4242 740 4306 facile
773 4243 940 4308 intellectu
973 4247 1022 4306 est
1054 4243 1193 4326 primum
1225 4243 1331 4308 locum
1345 4261 1402 4301 nv

187 4371 246 4414 nec
265 4347 449 4418 architectis
469 4370 528 4412 nec
547 4347 678 4412 medicis
698 4349 810 4413 datum
830 4371 909 4413 esse.
945 4347 1047 4424 Quem
1067 4349 1151 4412 enim
1176 4351 1331 4434 praeponi

187 4455 332 4537 potuisse
351 4453 557 4519 Ausonianae
582 4453 834 4518 architectorum
857 4455 1051 4520 hebdomadi
1074 4456 1331 4521 existimabimus
