<?xml version="1.0" encoding="UTF-8"?>
<!DOCTYPE html PUBLIC "-//W3C//DTD XHTML 1.0 Transitional//EN"
    "http://www.w3.org/TR/xhtml1/DTD/xhtml1-transitional.dtd">
<html xmlns="http://www.w3.org/1999/xhtml" xml:lang="en" lang="en">
 <head>
  <title>
</title>
<meta http-equiv="Content-Type" content="text/html;charset=utf-8" />
  <meta name='ocr-system' content='tesseract 3.04.00' />
  <meta name='ocr-capabilities' content='ocr_page ocr_carea ocr_par ocr_line ocrx_word'/>
</head>
<body>
  <div class='ocr_page' id='page_1' title='image "./fridericiritsch09wachgoog_0345.png"; bbox 0 0 3294 5104; ppageno 0'>
   <div class='ocr_carea' id='block_1_1' title="bbox 295 375 1166 453">
    <p class='ocr_par' dir='ltr' id='par_1_1' title="bbox 295 375 1166 453">
     <span class='ocr_line' id='line_1_1' title="bbox 295 375 1166 453; baseline 0 -14"><span class='ocrx_word' id='word_1_1' title='bbox 295 375 361 439; x_wconf 72' lang='lat'><strong>320</strong></span> <span class='ocrx_word' id='word_1_2' title='bbox 566 392 806 453; x_wconf 71' lang='lat' dir='ltr'><strong>stnsmosss</strong></span> <span class='ocrx_word' id='word_1_3' title='bbox 831 391 1166 440; x_wconf 74' lang='lat' dir='ltr'><strong>osoumorocmsn.</strong></span> 
     </span>
    </p>
   </div>
   <div class='ocr_carea' id='block_1_2' title="bbox 292 534 1509 835">
    <p class='ocr_par' dir='ltr' id='par_1_2' title="bbox 292 534 1509 835">
     <span class='ocr_line' id='line_1_2' title="bbox 292 534 1004 614; baseline 0 -16"><span class='ocrx_word' id='word_1_4' title='bbox 292 534 456 614; x_wconf 82' lang='grc' dir='ltr'>Λίβανος</span> <span class='ocrx_word' id='word_1_5' title='bbox 479 534 664 601; x_wconf 86' lang='lat' dir='ltr'><strong>Libanus:</strong></span> <span class='ocrx_word' id='word_1_6' title='bbox 689 558 799 601; x_wconf 80' lang='lat' dir='ltr'><strong>servus</strong></span> <span class='ocrx_word' id='word_1_7' title='bbox 824 535 1004 600; x_wconf 87' lang='lat' dir='ltr'><strong>Asinariae.</strong></span> 
     </span>
     <span class='ocr_line' id='line_1_3' title="bbox 292 641 1439 727; baseline 0 -21"><span class='ocrx_word' id='word_1_8' title='bbox 292 641 498 721; x_wconf 86' lang='grc' dir='ltr'>*Λιπάρων</span> <span class='ocrx_word' id='word_1_9' title='bbox 521 642 681 727; x_wconf 68' lang='lat' dir='ltr'><strong>Lipares</strong></span> <span class='ocrx_word' id='word_1_10' title='bbox 705 643 816 707; x_wconf 87' lang='lat' dir='ltr'><strong>fictum</strong></span> <span class='ocrx_word' id='word_1_11' title='bbox 846 663 964 708; x_wconf 90' lang='lat' dir='ltr'><strong>nomen</strong></span> <span class='ocrx_word' id='word_1_12' title='bbox 995 643 1081 727; x_wconf 80' lang='lat' dir='ltr'><strong>regis</strong></span> <span class='ocrx_word' id='word_1_13' title='bbox 1105 645 1163 706; x_wconf 87' lang='lat' dir='ltr'><strong>aut</strong></span> <span class='ocrx_word' id='word_1_14' title='bbox 1185 641 1374 706; x_wconf 88' lang='lat' dir='ltr'><strong>ioculariter</strong></span> <span class='ocrx_word' id='word_1_15' title='bbox 1397 642 1439 706; x_wconf 88' lang='lat' dir='ltr'><strong>le·</strong></span> 
     </span>
     <span class='ocr_line' id='line_1_4' title="bbox 337 737 1509 835; baseline -0.002 -21"><span class='ocrx_word' id='word_1_16' title='bbox 337 751 461 815; x_wconf 86' lang='lat' dir='ltr'><strong>viterve</strong></span> <span class='ocrx_word' id='word_1_17' title='bbox 479 751 514 814; x_wconf 92' lang='lat' dir='ltr'><strong>in</strong></span> <span class='ocrx_word' id='word_1_18' title='bbox 529 770 638 835; x_wconf 78' lang='lat' dir='ltr'><strong>regem</strong></span> <span class='ocrx_word' id='word_1_19' title='bbox 653 751 856 832; x_wconf 85' lang='lat' dir='ltr'><strong>translatum,</strong></span> <span class='ocrx_word' id='word_1_20' title='bbox 873 749 1158 814; x_wconf 88' lang='lat' dir='ltr'><strong>Menaechmorum</strong></span> <span class='ocrx_word' id='word_1_21' title='bbox 1172 747 1214 832; x_wconf 88' lang='grc' dir='ltr'><strong>ΙΙ,</strong></span> <span class='ocrx_word' id='word_1_22' title='bbox 1229 748 1259 831; x_wconf 93' lang='grc'><strong>3,</strong></span> <span class='ocrx_word' id='word_1_23' title='bbox 1274 747 1316 814; x_wconf 83' lang='lat'><strong>59</strong></span> <span class='ocrx_word' id='word_1_24' title='bbox 1331 745 1439 833; x_wconf 85' lang='lat'>(411):</span> <span class='ocrx_word' id='word_1_25' title='bbox 1506 737 1509 742; x_wconf 43' lang='lat'>¹</span> 
     </span>
    </p>
   </div>
   <div class='ocr_carea' id='block_1_3' title="bbox 336 855 1480 1048">
    <p class='ocr_par' dir='ltr' id='par_1_3' title="bbox 336 855 1480 1048">
     <span class='ocr_line' id='line_1_5' title="bbox 336 855 1480 950; baseline -0.001 -30"><span class='ocrx_word' id='word_1_26' title='bbox 336 857 375 920; x_wconf 90' lang='lat' dir='ltr'><strong>de</strong></span> <span class='ocrx_word' id='word_1_27' title='bbox 408 879 472 941; x_wconf 90' lang='lat' dir='ltr'><strong>quo</strong></span> <span class='ocrx_word' id='word_1_28' title='bbox 504 860 580 940; x_wconf 89' lang='lat' dir='ltr'><strong>post</strong></span> <span class='ocrx_word' id='word_1_29' title='bbox 609 858 690 921; x_wconf 88' lang='lat' dir='ltr'><strong>alios</strong></span> <span class='ocrx_word' id='word_1_30' title='bbox 717 857 776 921; x_wconf 83' lang='lat' dir='ltr'><strong>Ed.</strong></span> <span class='ocrx_word' id='word_1_31' title='bbox 805 857 943 922; x_wconf 88' lang='lat' dir='ltr'><strong>Meierns</strong></span> <span class='ocrx_word' id='word_1_32' title='bbox 976 856 1155 940; x_wconf 84' lang='lat' dir='ltr'><strong>disputavit</strong></span> <span class='ocrx_word' id='word_1_33' title='bbox 1182 855 1439 921; x_wconf 76' lang='lat' dir='ltr'><strong>commentarioli</strong></span> <span class='ocrx_word' id='word_1_34' title='bbox 1474 939 1480 950; x_wconf 32' lang='grc' dir='ltr'>Ι</span> 
     </span>
     <span class='ocr_line' id='line_1_6' title="bbox 339 960 1439 1048; baseline 0 -22"><span class='ocrx_word' id='word_1_35' title='bbox 339 962 388 1028; x_wconf 75' lang='lat' dir='ltr'><strong>‘de</strong></span> <span class='ocrx_word' id='word_1_36' title='bbox 417 963 567 1048; x_wconf 81' lang='lat' dir='ltr'><strong>Lycurgo</strong></span> <span class='ocrx_word' id='word_1_37' title='bbox 595 963 628 1026; x_wconf 93' lang='lat' dir='ltr'><strong>in</strong></span> <span class='ocrx_word' id='word_1_38' title='bbox 656 962 765 1027; x_wconf 86' lang='lat' dir='ltr'><strong>Plauti</strong></span> <span class='ocrx_word' id='word_1_39' title='bbox 789 961 1017 1027; x_wconf 85' lang='lat' dir='ltr'><strong>Bacchidibus&#39;</strong></span> <span class='ocrx_word' id='word_1_40' title='bbox 1042 960 1125 1047; x_wconf 83' lang='lat' dir='ltr'><strong>(lud.</strong></span> <span class='ocrx_word' id='word_1_41' title='bbox 1153 961 1253 1026; x_wconf 90' lang='lat' dir='ltr'><strong>schol.</strong></span> <span class='ocrx_word' id='word_1_42' title='bbox 1281 962 1349 1028; x_wconf 90' lang='lat' dir='ltr'><strong>hib.</strong></span> <span class='ocrx_word' id='word_1_43' title='bbox 1372 961 1439 1027; x_wconf 89' lang='lat' dir='ltr'><strong>Ha·</strong></span> 
     </span>
    </p>
   </div>
   <div class='ocr_carea' id='block_1_4' title="bbox 183 1067 1438 4036">
    <p class='ocr_par' dir='ltr' id='par_1_4' title="bbox 337 1067 1314 1156">
     <span class='ocr_line' id='line_1_7' title="bbox 337 1067 1314 1156; baseline 0.001 -22"><span class='ocrx_word' id='word_1_44' title='bbox 337 1071 415 1134; x_wconf 89' lang='lat' dir='ltr'><strong>lens.</strong></span> <span class='ocrx_word' id='word_1_45' title='bbox 439 1092 466 1135; x_wconf 88' lang='lat' dir='ltr'><strong>a.</strong></span> <span class='ocrx_word' id='word_1_46' title='bbox 492 1070 593 1156; x_wconf 79' lang='lat'>1852)</span> <span class='ocrx_word' id='word_1_47' title='bbox 617 1092 647 1153; x_wconf 89' lang='lat' dir='ltr'><strong>p.</strong></span> <span class='ocrx_word' id='word_1_48' title='bbox 671 1068 718 1132; x_wconf 93' lang='lat' dir='ltr'><strong>VI</strong></span> <span class='ocrx_word' id='word_1_49' title='bbox 743 1071 839 1149; x_wconf 87' lang='lat' dir='ltr'><strong>[nune</strong></span> <span class='ocrx_word' id='word_1_50' title='bbox 863 1068 980 1153; x_wconf 88' lang='lat' dir='ltr'><strong>Opuse.</strong></span> <span class='ocrx_word' id='word_1_51' title='bbox 1004 1067 1092 1133; x_wconf 85' lang='lat' dir='ltr'><strong>acad.</strong></span> <span class='ocrx_word' id='word_1_52' title='bbox 1115 1067 1148 1132; x_wconf 93' lang='lat' dir='ltr'><strong>Il</strong></span> <span class='ocrx_word' id='word_1_53' title='bbox 1172 1091 1201 1152; x_wconf 89' lang='lat' dir='ltr'><strong>p.</strong></span> <span class='ocrx_word' id='word_1_54' title='bbox 1225 1069 1314 1148; x_wconf 77' lang='lat'><strong>336].</strong></span> 
     </span>
    </p>

    <p class='ocr_par' dir='ltr' id='par_1_5' title="bbox 183 1173 1437 1476">
     <span class='ocr_line' id='line_1_8' title="bbox 183 1173 1436 1262; baseline -0.001 -21"><span class='ocrx_word' id='word_1_55' title='bbox 183 1254 188 1262; x_wconf 89' lang='lat'><strong>.</strong></span> <span class='ocrx_word' id='word_1_56' title='bbox 291 1176 411 1242; x_wconf 82' lang='grc' dir='ltr'>Λυδός</span> <span class='ocrx_word' id='word_1_57' title='bbox 440 1176 566 1260; x_wconf 86' lang='lat' dir='ltr'><strong>Lydus</strong></span> <span class='ocrx_word' id='word_1_58' title='bbox 595 1173 758 1261; x_wconf 85' lang='lat' dir='ltr'><strong>(Lvnvs):</strong></span> <span class='ocrx_word' id='word_1_59' title='bbox 787 1197 898 1240; x_wconf 85' lang='lat' dir='ltr'><strong>servus</strong></span> <span class='ocrx_word' id='word_1_60' title='bbox 927 1174 1133 1261; x_wconf 85' lang='lat' dir='ltr'><strong>paedagogus</strong></span> <span class='ocrx_word' id='word_1_61' title='bbox 1159 1174 1372 1259; x_wconf 83' lang='lat' dir='ltr'><strong>Bacchidum3</strong></span> <span class='ocrx_word' id='word_1_62' title='bbox 1395 1213 1436 1225; x_wconf 86' lang='lat'>-</span> 
     </span>
     <span class='ocr_line' id='line_1_9' title="bbox 337 1281 1436 1368; baseline 0.003 -22"><span class='ocrx_word' id='word_1_63' title='bbox 337 1283 413 1347; x_wconf 88' lang='lat' dir='ltr'><strong>item</strong></span> <span class='ocrx_word' id='word_1_64' title='bbox 443 1283 538 1348; x_wconf 86' lang='lat' dir='ltr'><strong>Atilii</strong></span> <span class='ocrx_word' id='word_1_65' title='bbox 571 1305 667 1348; x_wconf 89' lang='lat' dir='ltr'><strong>versu</strong></span> <span class='ocrx_word' id='word_1_66' title='bbox 697 1305 727 1368; x_wconf 91' lang='lat' dir='ltr'><strong>p.</strong></span> <span class='ocrx_word' id='word_1_67' title='bbox 755 1284 796 1347; x_wconf 75' lang='lat'><strong>27</strong></span> <span class='ocrx_word' id='word_1_68' title='bbox 822 1282 859 1348; x_wconf 78' lang='lat' dir='ltr'><strong>R.</strong></span> <span class='ocrx_word' id='word_1_69' title='bbox 907 1281 1163 1348; x_wconf 82' lang='lat' dir='ltr'><strong>Incertissimum</strong></span> <span class='ocrx_word' id='word_1_70' title='bbox 1196 1287 1246 1347; x_wconf 88' lang='lat' dir='ltr'><strong>est</strong></span> <span class='ocrx_word' id='word_1_71' title='bbox 1277 1286 1386 1348; x_wconf 89' lang='lat' dir='ltr'><strong>utrmn</strong></span> <span class='ocrx_word' id='word_1_72' title='bbox 1418 1306 1436 1348; x_wconf 86' lang='lat' dir='ltr'><strong>a</strong></span> 
     </span>
     <span class='ocr_line' id='line_1_10' title="bbox 335 1387 1437 1476; baseline 0.001 -22"><span class='ocrx_word' id='word_1_73' title='bbox 335 1390 423 1472; x_wconf 79' lang='lat' dir='ltr'><strong>Lydo</strong></span> <span class='ocrx_word' id='word_1_74' title='bbox 442 1411 484 1454; x_wconf 89' lang='lat' dir='ltr'><strong>an</strong></span> <span class='ocrx_word' id='word_1_75' title='bbox 502 1413 522 1454; x_wconf 86' lang='lat' dir='ltr'><strong>a</strong></span> <span class='ocrx_word' id='word_1_76' title='bbox 541 1389 611 1455; x_wconf 78' lang='lat' dir='ltr'><strong>ludo</strong></span> <span class='ocrx_word' id='word_1_77' title='bbox 630 1390 718 1456; x_wconf 90' lang='lat' dir='ltr'><strong>dicta</strong></span> <span class='ocrx_word' id='word_1_78' title='bbox 737 1389 780 1454; x_wconf 86' lang='lat' dir='ltr'><strong>sit</strong></span> <span class='ocrx_word' id='word_1_79' title='bbox 793 1390 825 1454; x_wconf 93' lang='lat' dir='ltr'>N</span> <span class='ocrx_word' id='word_1_80' title='bbox 827 1389 962 1455; x_wconf 82' lang='lat' dir='ltr'><strong>seviana</strong></span> <span class='ocrx_word' id='word_1_81' title='bbox 980 1389 1092 1466; x_wconf 87' lang='lat' dir='ltr'><strong>fabula</strong></span> <span class='ocrx_word' id='word_1_82' title='bbox 1106 1389 1215 1454; x_wconf 69' lang='lat' dir='ltr'><strong>beders</strong></span> <span class='ocrx_word' id='word_1_83' title='bbox 1228 1387 1437 1476; x_wconf 84' lang='lat' dir='ltr'><strong>inscripta*);</strong></span> 
     </span>
    </p>

    <p class='ocr_par' dir='ltr' id='par_1_6' title="bbox 295 1487 1438 2007">
     <span class='ocr_line' id='line_1_11' title="bbox 295 1487 1436 1580; baseline 0.002 -20"><span class='ocrx_word' id='word_1_84' title='bbox 295 1487 303 1496; x_wconf 73' lang='grc'><strong><em>’</em></strong></span> <span class='ocrx_word' id='word_1_85' title='bbox 334 1497 490 1580; x_wconf 84' lang='lat' dir='ltr'><strong>dubitari,</strong></span> <span class='ocrx_word' id='word_1_86' title='bbox 512 1519 590 1562; x_wconf 90' lang='lat' dir='ltr'><strong>num</strong></span> <span class='ocrx_word' id='word_1_87' title='bbox 613 1497 699 1562; x_wconf 82' lang='lat' dir='ltr'><strong>forte</strong></span> <span class='ocrx_word' id='word_1_88' title='bbox 723 1497 763 1562; x_wconf 88' lang='lat' dir='ltr'><strong>sd</strong></span> <span class='ocrx_word' id='word_1_89' title='bbox 782 1498 918 1562; x_wconf 86' lang='grc' dir='ltr'>Λύδιος</span> <span class='ocrx_word' id='word_1_90' title='bbox 937 1517 1054 1561; x_wconf 91' lang='lat' dir='ltr'><strong>nomen</strong></span> <span class='ocrx_word' id='word_1_91' title='bbox 1072 1495 1156 1560; x_wconf 88' lang='lat' dir='ltr'><strong>Livii</strong></span> <span class='ocrx_word' id='word_1_92' title='bbox 1176 1495 1354 1561; x_wconf 85' lang='lat' dir='ltr'><strong>Andronici</strong></span> <span class='ocrx_word' id='word_1_93' title='bbox 1372 1497 1436 1562; x_wconf 81' lang='lat' dir='ltr'><strong>Lu·</strong></span> 
     </span>
     <span class='ocr_line' id='line_1_12' title="bbox 334 1603 1438 1688; baseline 0 -20"><span class='ocrx_word' id='word_1_94' title='bbox 334 1605 405 1668; x_wconf 77' lang='lat' dir='ltr'><strong>dius</strong></span> <span class='ocrx_word' id='word_1_95' title='bbox 427 1603 608 1668; x_wconf 80' lang='lat' dir='ltr'><strong>revocanda</strong></span> <span class='ocrx_word' id='word_1_96' title='bbox 631 1605 684 1688; x_wconf 83' lang='lat' dir='ltr'><strong>sit,</strong></span> <span class='ocrx_word' id='word_1_97' title='bbox 706 1606 878 1688; x_wconf 87' lang='lat' dir='ltr'><strong>propterea</strong></span> <span class='ocrx_word' id='word_1_98' title='bbox 896 1607 1015 1688; x_wconf 81' lang='lat' dir='ltr'><strong>potest,</strong></span> <span class='ocrx_word' id='word_1_99' title='bbox 1038 1603 1123 1688; x_wconf 91' lang='lat' dir='ltr'><strong>quod</strong></span> <span class='ocrx_word' id='word_1_100' title='bbox 1141 1625 1161 1686; x_wconf 78' lang='lat' dir='ltr'><strong><em>y</em></strong></span> <span class='ocrx_word' id='word_1_101' title='bbox 1180 1603 1291 1667; x_wconf 83' lang='lat' dir='ltr'><strong>littera</strong></span> <span class='ocrx_word' id='word_1_102' title='bbox 1310 1606 1438 1668; x_wconf 80' lang='lat' dir='ltr'><strong>servata</strong></span> 
     </span>
     <span class='ocr_line' id='line_1_13' title="bbox 337 1709 1437 1794; baseline -0.001 -19"><span class='ocrx_word' id='word_1_103' title='bbox 337 1712 373 1775; x_wconf 79' lang='lat' dir='ltr'><strong>in</strong></span> <span class='ocrx_word' id='word_1_104' title='bbox 396 1711 477 1793; x_wconf 65' lang='lat' dir='ltr'><strong>lydae</strong></span> <span class='ocrx_word' id='word_1_105' title='bbox 501 1711 659 1794; x_wconf 89' lang='lat' dir='ltr'><strong>scriptum</strong></span> <span class='ocrx_word' id='word_1_106' title='bbox 683 1714 789 1775; x_wconf 83' lang='lat' dir='ltr'><strong>exstat</strong></span> <span class='ocrx_word' id='word_1_107' title='bbox 811 1711 895 1794; x_wconf 89' lang='lat' dir='ltr'><strong>apud</strong></span> <span class='ocrx_word' id='word_1_108' title='bbox 918 1709 1051 1774; x_wconf 85' lang='lat' dir='ltr'><strong>Festum</strong></span> <span class='ocrx_word' id='word_1_109' title='bbox 1074 1733 1104 1794; x_wconf 91' lang='lat' dir='ltr'><strong>p.</strong></span> <span class='ocrx_word' id='word_1_110' title='bbox 1124 1710 1198 1794; x_wconf 85' lang='lat'><strong>330,</strong></span> <span class='ocrx_word' id='word_1_111' title='bbox 1217 1711 1246 1774; x_wconf 92' lang='grc'><strong>3.</strong></span> <span class='ocrx_word' id='word_1_112' title='bbox 1287 1709 1373 1775; x_wconf 90' lang='lat' dir='ltr'><strong>Nam</strong></span> <span class='ocrx_word' id='word_1_113' title='bbox 1396 1732 1437 1774; x_wconf 90' lang='lat' dir='ltr'><strong>ne</strong></span> 
     </span>
     <span class='ocr_line' id='line_1_14' title="bbox 336 1815 1435 1903; baseline 0 -21"><span class='ocrx_word' id='word_1_114' title='bbox 336 1819 413 1903; x_wconf 90' lang='lat' dir='ltr'><strong>quid</strong></span> <span class='ocrx_word' id='word_1_115' title='bbox 446 1839 546 1901; x_wconf 80' lang='lat' dir='ltr'><strong>erres,</strong></span> <span class='ocrx_word' id='word_1_116' title='bbox 579 1818 678 1882; x_wconf 87' lang='lat' dir='ltr'><strong>etiam</strong></span> <span class='ocrx_word' id='word_1_117' title='bbox 702 1818 816 1882; x_wconf 88' lang='grc' dir='ltr'>Λύδιος</span> <span class='ocrx_word' id='word_1_118' title='bbox 844 1818 1011 1902; x_wconf 87' lang='lat' dir='ltr'><strong>proprium</strong></span> <span class='ocrx_word' id='word_1_119' title='bbox 1040 1817 1119 1880; x_wconf 87' lang='lat' dir='ltr'><strong>certi</strong></span> <span class='ocrx_word' id='word_1_120' title='bbox 1147 1815 1289 1882; x_wconf 90' lang='lat' dir='ltr'><strong>hominis</strong></span> <span class='ocrx_word' id='word_1_121' title='bbox 1317 1839 1435 1882; x_wconf 91' lang='lat' dir='ltr'><strong>nomen</strong></span> 
     </span>
     <span class='ocr_line' id='line_1_15' title="bbox 336 1923 1080 2007; baseline 0 -19"><span class='ocrx_word' id='word_1_122' title='bbox 336 1925 437 1990; x_wconf 89' lang='lat' dir='ltr'><strong>fuisse</strong></span> <span class='ocrx_word' id='word_1_123' title='bbox 461 1924 654 1990; x_wconf 88' lang='lat' dir='ltr'><strong>Benselerus</strong></span> <span class='ocrx_word' id='word_1_124' title='bbox 678 1925 772 1990; x_wconf 87' lang='lat' dir='ltr'><strong>docet</strong></span> <span class='ocrx_word' id='word_1_125' title='bbox 796 1947 814 1988; x_wconf 91' lang='lat' dir='ltr'><strong>e</strong></span> <span class='ocrx_word' id='word_1_126' title='bbox 837 1923 958 1989; x_wconf 83' lang='lat' dir='ltr'><strong>Zosimi</strong></span> <span class='ocrx_word' id='word_1_127' title='bbox 980 1923 1006 2007; x_wconf 92' lang='grc' dir='ltr'><strong>Ι,</strong></span> <span class='ocrx_word' id='word_1_128' title='bbox 1029 1925 1080 1988; x_wconf 91' lang='grc'><strong>69.</strong></span> 
     </span>
    </p>

    <p class='ocr_par' dir='ltr' id='par_1_7' title="bbox 291 2029 1436 2204">
     <span class='ocr_line' id='line_1_16' title="bbox 291 2029 1436 2116; baseline -0.001 -21"><span class='ocrx_word' id='word_1_129' title='bbox 291 2031 471 2096; x_wconf 88' lang='grc' dir='ltr'>Λυκίςκος</span> <span class='ocrx_word' id='word_1_130' title='bbox 498 2030 687 2115; x_wconf 86' lang='lat' dir='ltr'><strong>Lyciscua</strong></span> <span class='ocrx_word' id='word_1_131' title='bbox 715 2029 928 2116; x_wconf 82' lang='lat' dir='ltr'><strong>(chlscvs):</strong></span> <span class='ocrx_word' id='word_1_132' title='bbox 962 2053 1072 2096; x_wconf 84' lang='lat' dir='ltr'><strong>servus</strong></span> <span class='ocrx_word' id='word_1_133' title='bbox 1100 2031 1134 2095; x_wconf 90' lang='lat' dir='ltr'><strong>in</strong></span> <span class='ocrx_word' id='word_1_134' title='bbox 1162 2030 1314 2096; x_wconf 91' lang='lat' dir='ltr'><strong>Plautino</strong></span> <span class='ocrx_word' id='word_1_135' title='bbox 1342 2051 1436 2094; x_wconf 88' lang='lat' dir='ltr'><strong>versu</strong></span> 
     </span>
     <span class='ocr_line' id='line_1_17' title="bbox 336 2138 823 2204; baseline -0.002 -2"><span class='ocrx_word' id='word_1_136' title='bbox 336 2138 376 2202; x_wconf 87' lang='lat' dir='ltr'><strong>ad</strong></span> <span class='ocrx_word' id='word_1_137' title='bbox 401 2138 483 2204; x_wconf 83' lang='grc' dir='ltr'>Κίλιξ</span> <span class='ocrx_word' id='word_1_138' title='bbox 507 2142 768 2202; x_wconf 83' lang='lat' dir='ltr'><strong>commemorato.</strong></span> <span class='ocrx_word' id='word_1_139' title='bbox 820 2153 823 2157; x_wconf 84' lang='grc'><strong>’</strong></span> 
     </span>
    </p>

    <p class='ocr_par' dir='ltr' id='par_1_8' title="bbox 291 2224 1007 2330">
     <span class='ocr_line' id='line_1_18' title="bbox 291 2224 1007 2330; baseline -0.001 -20"><span class='ocrx_word' id='word_1_140' title='bbox 291 2245 411 2310; x_wconf 91' lang='grc' dir='ltr'>Λύκος</span> <span class='ocrx_word' id='word_1_141' title='bbox 434 2245 558 2329; x_wconf 87' lang='lat' dir='ltr'><strong>Lycus</strong></span> <span class='ocrx_word' id='word_1_142' title='bbox 583 2224 742 2330; x_wconf 63' lang='lat' dir='ltr'><strong>(Lucvs):</strong></span> <span class='ocrx_word' id='word_1_143' title='bbox 766 2245 839 2308; x_wconf 91' lang='lat' dir='ltr'><strong>leno</strong></span> <span class='ocrx_word' id='word_1_144' title='bbox 863 2243 1007 2309; x_wconf 91' lang='lat' dir='ltr'><strong>Poenuli.</strong></span> 
     </span>
    </p>

    <p class='ocr_par' dir='ltr' id='par_1_9' title="bbox 290 2349 1129 2438">
     <span class='ocr_line' id='line_1_19' title="bbox 290 2349 1129 2438; baseline -0.001 -21"><span class='ocrx_word' id='word_1_145' title='bbox 290 2353 420 2417; x_wconf 88' lang='grc' dir='ltr'>Λύκων</span> <span class='ocrx_word' id='word_1_146' title='bbox 443 2351 545 2436; x_wconf 86' lang='lat' dir='ltr'><strong>Lyco</strong></span> <span class='ocrx_word' id='word_1_147' title='bbox 569 2351 709 2438; x_wconf 86' lang='lat' dir='ltr'><strong>(cho):</strong></span> <span class='ocrx_word' id='word_1_148' title='bbox 732 2353 892 2436; x_wconf 87' lang='lat' dir='ltr'><strong>trapezita</strong></span> <span class='ocrx_word' id='word_1_149' title='bbox 915 2349 1129 2416; x_wconf 80' lang='lat' dir='ltr'><strong>Curculionie.</strong></span> 
     </span>
    </p>

    <p class='ocr_par' dir='ltr' id='par_1_10' title="bbox 290 2455 1438 2545">
     <span class='ocr_line' id='line_1_20' title="bbox 290 2455 1438 2545; baseline 0 -21"><span class='ocrx_word' id='word_1_150' title='bbox 290 2459 508 2538; x_wconf 81' lang='grc' dir='ltr'>Λυκωνίδης</span> <span class='ocrx_word' id='word_1_151' title='bbox 528 2457 743 2543; x_wconf 85' lang='lat' dir='ltr'><strong>Lyconides</strong></span> <span class='ocrx_word' id='word_1_152' title='bbox 762 2455 1009 2545; x_wconf 79' lang='lat' dir='ltr'><strong>(chomnns):</strong></span> <span class='ocrx_word' id='word_1_153' title='bbox 1033 2459 1220 2524; x_wconf 74' lang='lat' dir='ltr'><strong>adulescens</strong></span> <span class='ocrx_word' id='word_1_154' title='bbox 1239 2456 1438 2524; x_wconf 82' lang='lat' dir='ltr'><strong>Aululariae.</strong></span> 
     </span>
    </p>

    <p class='ocr_par' dir='ltr' id='par_1_11' title="bbox 290 2564 1438 3610">
     <span class='ocr_line' id='line_1_21' title="bbox 290 2564 1438 2650; baseline 0 -21"><span class='ocrx_word' id='word_1_155' title='bbox 290 2565 485 2644; x_wconf 85' lang='grc' dir='ltr'>*Λυρκίων</span> <span class='ocrx_word' id='word_1_156' title='bbox 508 2565 662 2630; x_wconf 89' lang='lat' dir='ltr'><strong>Luroio:</strong></span> <span class='ocrx_word' id='word_1_157' title='bbox 686 2587 765 2649; x_wconf 89' lang='lat' dir='ltr'><strong>puer</strong></span> <span class='ocrx_word' id='word_1_158' title='bbox 782 2564 899 2630; x_wconf 86' lang='lat' dir='ltr'><strong>Militis</strong></span> <span class='ocrx_word' id='word_1_159' title='bbox 923 2565 1068 2650; x_wconf 84' lang='lat' dir='ltr'><strong>gloriosi.</strong></span> <span class='ocrx_word' id='word_1_160' title='bbox 1106 2564 1212 2630; x_wconf 86' lang='lat' dir='ltr'><strong>Semel</strong></span> <span class='ocrx_word' id='word_1_161' title='bbox 1231 2568 1360 2629; x_wconf 87' lang='lat' dir='ltr'><strong>tantum</strong></span> <span class='ocrx_word' id='word_1_162' title='bbox 1380 2587 1438 2648; x_wconf 89' lang='lat' dir='ltr'><strong>per</strong></span> 
     </span>
     <span class='ocr_line' id='line_1_22' title="bbox 335 2672 1437 2756; baseline -0.001 -20"><span class='ocrx_word' id='word_1_163' title='bbox 335 2677 439 2738; x_wconf 87' lang='lat' dir='ltr'><strong>totam</strong></span> <span class='ocrx_word' id='word_1_164' title='bbox 467 2672 613 2737; x_wconf 85' lang='lat' dir='ltr'><strong>fabulam</strong></span> <span class='ocrx_word' id='word_1_165' title='bbox 635 2673 754 2737; x_wconf 81' lang='lat' dir='ltr'><strong>leolum</strong></span> <span class='ocrx_word' id='word_1_166' title='bbox 777 2694 909 2756; x_wconf 89' lang='lat' dir='ltr'><strong>nomen,</strong></span> <span class='ocrx_word' id='word_1_167' title='bbox 938 2673 973 2736; x_wconf 92' lang='lat' dir='ltr'><strong>in</strong></span> <span class='ocrx_word' id='word_1_168' title='bbox 996 2672 1207 2756; x_wconf 78' lang='lat' dir='ltr'><strong>inscriptione</strong></span> <span class='ocrx_word' id='word_1_169' title='bbox 1230 2693 1366 2736; x_wconf 85' lang='lat' dir='ltr'><strong>scaenae</strong></span> <span class='ocrx_word' id='word_1_170' title='bbox 1390 2693 1437 2735; x_wconf 87' lang='lat' dir='ltr'><strong>se·</strong></span> 
     </span>
     <span class='ocr_line' id='line_1_23' title="bbox 335 2776 1437 2862; baseline -0.002 -19"><span class='ocrx_word' id='word_1_171' title='bbox 335 2779 456 2845; x_wconf 89' lang='lat' dir='ltr'><strong>eundae</strong></span> <span class='ocrx_word' id='word_1_172' title='bbox 485 2783 575 2845; x_wconf 87' lang='lat' dir='ltr'><strong>actus</strong></span> <span class='ocrx_word' id='word_1_173' title='bbox 602 2779 705 2862; x_wconf 79' lang='lat' dir='ltr'><strong>tertii,</strong></span> <span class='ocrx_word' id='word_1_174' title='bbox 736 2779 792 2844; x_wconf 88' lang='lat' dir='ltr'><strong>sed</strong></span> <span class='ocrx_word' id='word_1_175' title='bbox 820 2779 866 2844; x_wconf 90' lang='lat' dir='ltr'><strong>ibi</strong></span> <span class='ocrx_word' id='word_1_176' title='bbox 891 2779 1021 2844; x_wconf 84' lang='lat' dir='ltr'><strong>chmc</strong></span> <span class='ocrx_word' id='word_1_177' title='bbox 1052 2779 1218 2862; x_wconf 87' lang='lat' dir='ltr'><strong>scriptum.</strong></span> <span class='ocrx_word' id='word_1_178' title='bbox 1263 2776 1300 2841; x_wconf 89' lang='lat' dir='ltr'><strong>Id</strong></span> <span class='ocrx_word' id='word_1_179' title='bbox 1329 2781 1437 2842; x_wconf 85' lang='lat' dir='ltr'><strong>autem</strong></span> 
     </span>
     <span class='ocr_line' id='line_1_24' title="bbox 334 2884 1436 2972; baseline -0.001 -23"><span class='ocrx_word' id='word_1_180' title='bbox 334 2885 450 2970; x_wconf 90' lang='lat' dir='ltr'><strong>ipsum,</strong></span> <span class='ocrx_word' id='word_1_181' title='bbox 474 2892 688 2972; x_wconf 88' lang='lat' dir='ltr'><strong>utnusquam</strong></span> <span class='ocrx_word' id='word_1_182' title='bbox 708 2887 742 2951; x_wconf 94' lang='lat' dir='ltr'><strong>in</strong></span> <span class='ocrx_word' id='word_1_183' title='bbox 760 2887 865 2970; x_wconf 88' lang='lat' dir='ltr'><strong>ipsius</strong></span> <span class='ocrx_word' id='word_1_184' title='bbox 882 2886 1012 2953; x_wconf 88' lang='lat' dir='ltr'><strong>fabulae</strong></span> <span class='ocrx_word' id='word_1_185' title='bbox 1031 2885 1139 2951; x_wconf 84' lang='lat' dir='ltr'><strong>verbis</strong></span> <span class='ocrx_word' id='word_1_186' title='bbox 1158 2885 1325 2969; x_wconf 89' lang='lat' dir='ltr'><strong>proprium</strong></span> <span class='ocrx_word' id='word_1_187' title='bbox 1345 2884 1436 2969; x_wconf 86' lang='lat' dir='ltr'><strong>pueri</strong></span> 
     </span>
     <span class='ocr_line' id='line_1_25' title="bbox 335 2989 1437 3076; baseline 0 -22"><span class='ocrx_word' id='word_1_188' title='bbox 335 3013 452 3056; x_wconf 87' lang='lat' dir='ltr'><strong>nomen</strong></span> <span class='ocrx_word' id='word_1_189' title='bbox 481 2993 669 3076; x_wconf 81' lang='lat' dir='ltr'><strong>apparuisse</strong></span> <span class='ocrx_word' id='word_1_190' title='bbox 693 2991 855 3075; x_wconf 87' lang='lat' dir='ltr'><strong>credatur,</strong></span> <span class='ocrx_word' id='word_1_191' title='bbox 883 2995 951 3056; x_wconf 85' lang='lat' dir='ltr'><strong>tem</strong></span> <span class='ocrx_word' id='word_1_192' title='bbox 975 2992 1133 3058; x_wconf 89' lang='lat' dir='ltr'><strong>absonum</strong></span> <span class='ocrx_word' id='word_1_193' title='bbox 1157 2989 1200 3056; x_wconf 88' lang='lat' dir='ltr'><strong>M.</strong></span> <span class='ocrx_word' id='word_1_194' title='bbox 1224 2989 1368 3074; x_wconf 81' lang='lat' dir='ltr'><strong>Haupt-io</strong></span> <span class='ocrx_word' id='word_1_195' title='bbox 1391 2991 1437 3055; x_wconf 88' lang='lat' dir='ltr'><strong>vi·</strong></span> 
     </span>
     <span class='ocr_line' id='line_1_26' title="bbox 336 3097 1437 3182; baseline -0.001 -20"><span class='ocrx_word' id='word_1_196' title='bbox 336 3121 406 3162; x_wconf 89' lang='lat' dir='ltr'><strong>sum</strong></span> <span class='ocrx_word' id='word_1_197' title='bbox 430 3103 493 3180; x_wconf 83' lang='lat' dir='ltr'><strong>est,</strong></span> <span class='ocrx_word' id='word_1_198' title='bbox 518 3101 555 3162; x_wconf 88' lang='lat' dir='ltr'><strong>ut</strong></span> <span class='ocrx_word' id='word_1_199' title='bbox 577 3099 611 3162; x_wconf 88' lang='lat' dir='ltr'><strong>in</strong></span> <span class='ocrx_word' id='word_1_200' title='bbox 633 3099 801 3182; x_wconf 89' lang='lat' dir='ltr'><strong>prooemio</strong></span> <span class='ocrx_word' id='word_1_201' title='bbox 826 3100 950 3163; x_wconf 87' lang='lat' dir='ltr'><strong>aestivo</strong></span> <span class='ocrx_word' id='word_1_202' title='bbox 974 3097 1177 3162; x_wconf 87' lang='lat' dir='ltr'><strong>Berolinenei</strong></span> <span class='ocrx_word' id='word_1_203' title='bbox 1201 3119 1228 3161; x_wconf 88' lang='lat' dir='ltr'><strong>a.</strong></span> <span class='ocrx_word' id='word_1_204' title='bbox 1255 3098 1339 3163; x_wconf 83' lang='grc'>1858</span> <span class='ocrx_word' id='word_1_205' title='bbox 1363 3119 1392 3181; x_wconf 93' lang='lat' dir='ltr'><strong>p.</strong></span> <span class='ocrx_word' id='word_1_206' title='bbox 1416 3097 1437 3161; x_wconf 89' lang='grc'>6</span> 
     </span>
     <span class='ocr_line' id='line_1_27' title="bbox 336 3203 1435 3289; baseline 0.001 -22"><span class='ocrx_word' id='word_1_207' title='bbox 336 3204 491 3270; x_wconf 86' lang='lat' dir='ltr'><strong>Gronovii</strong></span> <span class='ocrx_word' id='word_1_208' title='bbox 519 3205 738 3270; x_wconf 85' lang='lat' dir='ltr'><strong>coniecturam</strong></span> <span class='ocrx_word' id='word_1_209' title='bbox 766 3203 1021 3286; x_wconf 79' lang='lat' dir='ltr'><strong>commendaret,</strong></span> <span class='ocrx_word' id='word_1_210' title='bbox 1048 3227 1113 3289; x_wconf 87' lang='lat' dir='ltr'><strong>qua</strong></span> <span class='ocrx_word' id='word_1_211' title='bbox 1140 3203 1168 3268; x_wconf 90' lang='lat' dir='ltr'><strong>is</strong></span> <span class='ocrx_word' id='word_1_212' title='bbox 1198 3225 1258 3287; x_wconf 89' lang='lat' dir='ltr'><strong>pro</strong></span> <span class='ocrx_word' id='word_1_213' title='bbox 1282 3207 1435 3286; x_wconf 87' lang='lat' dir='ltr'><strong>corrupto</strong></span> 
     </span>
     <span class='ocr_line' id='line_1_28' title="bbox 334 3307 1437 3397; baseline 0 -23"><span class='ocrx_word' id='word_1_214' title='bbox 334 3311 368 3374; x_wconf 89' lang='lat' dir='ltr'><strong>in</strong></span> <span class='ocrx_word' id='word_1_215' title='bbox 391 3309 450 3396; x_wconf 91' lang='grc' dir='ltr'>ΙΙΙ,</span> <span class='ocrx_word' id='word_1_216' title='bbox 474 3312 503 3394; x_wconf 83' lang='grc'><strong>2,</strong></span> <span class='ocrx_word' id='word_1_217' title='bbox 527 3311 568 3375; x_wconf 83' lang='grc'><strong>29</strong></span> <span class='ocrx_word' id='word_1_218' title='bbox 591 3309 685 3397; x_wconf 83' lang='grc'>(843)</span> <span class='ocrx_word' id='word_1_219' title='bbox 709 3311 866 3376; x_wconf 81' lang='lat' dir='ltr'><strong>vocabulo</strong></span> <span class='ocrx_word' id='word_1_220' title='bbox 888 3311 972 3375; x_wconf 80' lang='lat' dir='ltr'><strong>cotio</strong></span> <span class='ocrx_word' id='word_1_221' title='bbox 994 3308 1094 3394; x_wconf 75' lang='lat' dir='ltr'><strong>(coeio</strong></span> <span class='ocrx_word' id='word_1_222' title='bbox 1117 3309 1151 3374; x_wconf 91' lang='lat' dir='ltr'><strong>in</strong></span> <span class='ocrx_word' id='word_1_223' title='bbox 1174 3331 1239 3374; x_wconf 91' lang='lat' dir='ltr'><strong>uno</strong></span> <span class='ocrx_word' id='word_1_224' title='bbox 1262 3307 1437 3394; x_wconf 89' lang='lat' dir='ltr'><strong>Vaticano)</strong></span> 
     </span>
     <span class='ocr_line' id='line_1_29' title="bbox 336 3415 1436 3500; baseline -0.002 -20"><span class='ocrx_word' id='word_1_225' title='bbox 336 3418 426 3500; x_wconf 85' lang='lat' dir='ltr'><strong>pueri</strong></span> <span class='ocrx_word' id='word_1_226' title='bbox 451 3439 568 3482; x_wconf 90' lang='lat' dir='ltr'><strong>nomen</strong></span> <span class='ocrx_word' id='word_1_227' title='bbox 592 3417 774 3482; x_wconf 85' lang='lat' dir='ltr'><strong>substituit:</strong></span> <span class='ocrx_word' id='word_1_228' title='bbox 797 3415 835 3483; x_wconf 72' lang='lat' dir='ltr'><strong>Sa·</strong></span> <span class='ocrx_word' id='word_1_229' title='bbox 855 3416 941 3498; x_wconf 74' lang='lat' dir='ltr'><strong>fdlsc</strong></span> <span class='ocrx_word' id='word_1_230' title='bbox 962 3418 1051 3499; x_wconf 73' lang='lat' dir='ltr'><strong>dues,</strong></span> <span class='ocrx_word' id='word_1_231' title='bbox 1073 3416 1200 3500; x_wconf 68' lang='lat' dir='ltr'><strong>Lamia,</strong></span> <span class='ocrx_word' id='word_1_232' title='bbox 1221 3415 1436 3481; x_wconf 75' lang='lat' dir='ltr'><strong>eamwidbere.</strong></span> 
     </span>
     <span class='ocr_line' id='line_1_30' title="bbox 335 3521 1437 3610; baseline -0.002 -22"><span class='ocrx_word' id='word_1_233' title='bbox 335 3521 529 3589; x_wconf 86' lang='lat' dir='ltr'><strong>Rectissime</strong></span> <span class='ocrx_word' id='word_1_234' title='bbox 560 3525 594 3588; x_wconf 92' lang='lat' dir='ltr'><strong>id</strong></span> <span class='ocrx_word' id='word_1_235' title='bbox 623 3525 752 3610; x_wconf 89' lang='lat' dir='ltr'><strong>quidem</strong></span> <span class='ocrx_word' id='word_1_236' title='bbox 781 3525 913 3608; x_wconf 88' lang='lat' dir='ltr'><strong>iudicio,</strong></span> <span class='ocrx_word' id='word_1_237' title='bbox 944 3525 1007 3589; x_wconf 89' lang='lat' dir='ltr'><strong>nisi</strong></span> <span class='ocrx_word' id='word_1_238' title='bbox 1036 3525 1121 3609; x_wconf 90' lang='lat' dir='ltr'><strong>quod</strong></span> <span class='ocrx_word' id='word_1_239' title='bbox 1149 3523 1319 3607; x_wconf 83' lang='lat' dir='ltr'><strong>prosodiae</strong></span> <span class='ocrx_word' id='word_1_240' title='bbox 1346 3522 1437 3586; x_wconf 89' lang='lat' dir='ltr'><strong>nulla</strong></span> 
     </span>
    </p>

    <p class='ocr_par' dir='ltr' id='par_1_12' title="bbox 222 3630 1437 3930">
     <span class='ocr_line' id='line_1_31' title="bbox 222 3630 1437 3716; baseline 0 -22"><span class='ocrx_word' id='word_1_241' title='bbox 222 3673 230 3688; x_wconf 84' lang='lat'><strong>·</strong></span> <span class='ocrx_word' id='word_1_242' title='bbox 335 3635 386 3696; x_wconf 87' lang='lat' dir='ltr'><strong>est</strong></span> <span class='ocrx_word' id='word_1_243' title='bbox 412 3633 496 3697; x_wconf 90' lang='lat' dir='ltr'><strong>ratio</strong></span> <span class='ocrx_word' id='word_1_244' title='bbox 526 3632 649 3697; x_wconf 89' lang='lat' dir='ltr'><strong>habita.</strong></span> <span class='ocrx_word' id='word_1_245' title='bbox 694 3632 780 3697; x_wconf 86' lang='lat' dir='ltr'><strong>Nam</strong></span> <span class='ocrx_word' id='word_1_246' title='bbox 808 3633 919 3698; x_wconf 66' lang='lat' dir='ltr'><strong>butio</strong></span> <span class='ocrx_word' id='word_1_247' title='bbox 942 3655 1014 3696; x_wconf 89' lang='lat' dir='ltr'><strong>cum</strong></span> <span class='ocrx_word' id='word_1_248' title='bbox 1038 3651 1188 3716; x_wconf 86' lang='lat' dir='ltr'><strong>graecam</strong></span> <span class='ocrx_word' id='word_1_249' title='bbox 1211 3630 1347 3713; x_wconf 86' lang='lat' dir='ltr'><strong>stirpem</strong></span> <span class='ocrx_word' id='word_1_250' title='bbox 1370 3651 1437 3694; x_wconf 92' lang='lat' dir='ltr'><strong>non</strong></span> 
     </span>
     <span class='ocr_line' id='line_1_32' title="bbox 335 3735 1436 3822; baseline -0.005 -18"><span class='ocrx_word' id='word_1_251' title='bbox 335 3739 467 3822; x_wconf 82' lang='lat' dir='ltr'><strong>habeat,</strong></span> <span class='ocrx_word' id='word_1_252' title='bbox 495 3761 625 3804; x_wconf 86' lang='lat' dir='ltr'><strong>necesse</strong></span> <span class='ocrx_word' id='word_1_253' title='bbox 654 3739 698 3804; x_wconf 88' lang='lat' dir='ltr'><strong>sit</strong></span> <span class='ocrx_word' id='word_1_254' title='bbox 723 3763 743 3804; x_wconf 91' lang='lat' dir='ltr'><strong>a</strong></span> <span class='ocrx_word' id='word_1_255' title='bbox 766 3740 849 3804; x_wconf 83' lang='lat' dir='ltr'><strong>lucro</strong></span> <span class='ocrx_word' id='word_1_256' title='bbox 873 3739 936 3804; x_wconf 89' lang='lat' dir='ltr'><strong>diei</strong></span> <span class='ocrx_word' id='word_1_257' title='bbox 961 3737 1012 3822; x_wconf 86' lang='lat' dir='ltr'><strong>(ut</strong></span> <span class='ocrx_word' id='word_1_258' title='bbox 1034 3737 1067 3800; x_wconf 90' lang='lat' dir='ltr'><strong>in</strong></span> <span class='ocrx_word' id='word_1_259' title='bbox 1090 3735 1189 3800; x_wconf 87' lang='lat' dir='ltr'><strong>Persa</strong></span> <span class='ocrx_word' id='word_1_260' title='bbox 1212 3736 1357 3802; x_wconf 57' lang='lat' dir='ltr'><strong>&amp;medis</strong></span> <span class='ocrx_word' id='word_1_261' title='bbox 1380 3757 1436 3799; x_wconf 94' lang='lat' dir='ltr'><strong>no·</strong></span> 
     </span>
     <span class='ocr_line' id='line_1_33' title="bbox 335 3841 1436 3930; baseline -0.003 -22"><span class='ocrx_word' id='word_1_262' title='bbox 335 3843 437 3930; x_wconf 84' lang='lat' dir='ltr'><strong>men):</strong></span> <span class='ocrx_word' id='word_1_263' title='bbox 469 3845 559 3910; x_wconf 91' lang='lat' dir='ltr'><strong>cuius</strong></span> <span class='ocrx_word' id='word_1_264' title='bbox 583 3845 816 3929; x_wconf 84' lang='lat' dir='ltr'><strong>paenultimam</strong></span> <span class='ocrx_word' id='word_1_265' title='bbox 840 3845 920 3910; x_wconf 89' lang='lat' dir='ltr'><strong>satis</strong></span> <span class='ocrx_word' id='word_1_266' title='bbox 945 3847 1074 3909; x_wconf 88' lang='lat' dir='ltr'><strong>constat</strong></span> <span class='ocrx_word' id='word_1_267' title='bbox 1096 3841 1229 3924; x_wconf 91' lang='lat' dir='ltr'><strong>produci</strong></span> <span class='ocrx_word' id='word_1_268' title='bbox 1253 3864 1318 3914; x_wconf 85' lang='lat' dir='ltr'><strong>non</strong></span> <span class='ocrx_word' id='word_1_269' title='bbox 1342 3863 1436 3925; x_wconf 86' lang='lat' dir='ltr'><strong>posse</strong></span> 
     </span>
    </p>

    <p class='ocr_par' dir='ltr' id='par_1_13' title="bbox 298 3949 1437 4036">
     <span class='ocr_line' id='line_1_34' title="bbox 298 3949 1437 4036; baseline -0.006 -20"><span class='ocrx_word' id='word_1_270' title='bbox 298 3969 302 3986; x_wconf 91' lang='grc'><em>·</em></span> <span class='ocrx_word' id='word_1_271' title='bbox 337 3951 421 4035; x_wconf 90' lang='lat' dir='ltr'><strong>apud</strong></span> <span class='ocrx_word' id='word_1_272' title='bbox 441 3951 602 4016; x_wconf 89' lang='lat' dir='ltr'><strong>Plautum.</strong></span> <span class='ocrx_word' id='word_1_273' title='bbox 638 3950 729 4036; x_wconf 81' lang='lat' dir='ltr'><strong>Ergo</strong></span> <span class='ocrx_word' id='word_1_274' title='bbox 753 3951 871 4016; x_wconf 86' lang='lat' dir='ltr'><strong>rationi</strong></span> <span class='ocrx_word' id='word_1_275' title='bbox 895 3953 932 4014; x_wconf 89' lang='lat' dir='ltr'><strong>ut</strong></span> <span class='ocrx_word' id='word_1_276' title='bbox 955 3949 1041 4014; x_wconf 90' lang='lat' dir='ltr'><strong>omni</strong></span> <span class='ocrx_word' id='word_1_277' title='bbox 1066 3971 1104 4012; x_wconf 86' lang='lat' dir='ltr'><strong>ex</strong></span> <span class='ocrx_word' id='word_1_278' title='bbox 1124 3952 1217 4032; x_wconf 73' lang='lat' dir='ltr'><strong>parte</strong></span> <span class='ocrx_word' id='word_1_279' title='bbox 1236 3949 1437 4029; x_wconf 84' lang='lat' dir='ltr'><strong>satisfieret,</strong></span> 
     </span>
    </p>
   </div>
   <div class='ocr_carea' id='block_1_5' title="bbox 292 4229 1436 4570">
    <p class='ocr_par' dir='ltr' id='par_1_14' title="bbox 292 4229 1436 4570">
     <span class='ocr_line' id='line_1_35' title="bbox 381 4229 1434 4306; baseline -0.005 -17"><span class='ocrx_word' id='word_1_280' title='bbox 381 4233 407 4306; x_wconf 75' lang='lat'><strong>⁴²)</strong></span> <span class='ocrx_word' id='word_1_281' title='bbox 425 4233 493 4289; x_wconf 85' lang='lat' dir='ltr'><strong>Eius</strong></span> <span class='ocrx_word' id='word_1_282' title='bbox 513 4233 625 4290; x_wconf 80' lang='lat' dir='ltr'><strong>fabulae</strong></span> <span class='ocrx_word' id='word_1_283' title='bbox 644 4233 802 4304; x_wconf 81' lang='lat' dir='ltr'><strong>fragmento</strong></span> <span class='ocrx_word' id='word_1_284' title='bbox 822 4231 897 4302; x_wconf 81' lang='lat' dir='ltr'><strong>apud</strong></span> <span class='ocrx_word' id='word_1_285' title='bbox 916 4231 1100 4288; x_wconf 77' lang='lat' dir='ltr'><strong>Ribbeclrium</strong></span> <span class='ocrx_word' id='word_1_286' title='bbox 1119 4233 1194 4289; x_wconf 85' lang='lat' dir='ltr'><strong>Com.</strong></span> <span class='ocrx_word' id='word_1_287' title='bbox 1214 4251 1240 4302; x_wconf 93' lang='lat' dir='ltr'><strong>p.</strong></span> <span class='ocrx_word' id='word_1_288' title='bbox 1263 4237 1295 4286; x_wconf 81' lang='lat'><strong>14</strong></span> <span class='ocrx_word' id='word_1_289' title='bbox 1320 4229 1374 4302; x_wconf 87' lang='lat' dir='ltr'><strong>[ed.</strong></span> <span class='ocrx_word' id='word_1_290' title='bbox 1394 4247 1434 4299; x_wconf 84' lang='lat' dir='ltr'><strong>pr.</strong></span> 
     </span>
     <span class='ocr_line' id='line_1_36' title="bbox 293 4320 1436 4393; baseline -0.004 -15"><span class='ocrx_word' id='word_1_291' title='bbox 293 4349 325 4369; x_wconf 86' lang='lat'>=</span> <span class='ocrx_word' id='word_1_292' title='bbox 337 4321 419 4393; x_wconf 82' lang='lat' dir='ltr'><strong>Trag.</strong></span> <span class='ocrx_word' id='word_1_293' title='bbox 435 4323 483 4377; x_wconf 89' lang='lat' dir='ltr'><strong>lat.</strong></span> <span class='ocrx_word' id='word_1_294' title='bbox 503 4323 546 4378; x_wconf 88' lang='lat' dir='ltr'><strong>ed.</strong></span> <span class='ocrx_word' id='word_1_295' title='bbox 562 4323 611 4380; x_wconf 88' lang='lat' dir='ltr'><strong>alt.</strong></span> <span class='ocrx_word' id='word_1_296' title='bbox 630 4323 728 4392; x_wconf 69' lang='lat' dir='ltr'><strong>pm]</strong></span> <span class='ocrx_word' id='word_1_297' title='bbox 748 4321 831 4376; x_wconf 82' lang='lat' dir='ltr'><strong>alteri</strong></span> <span class='ocrx_word' id='word_1_298' title='bbox 850 4339 914 4377; x_wconf 84' lang='lat' dir='ltr'><strong>suos</strong></span> <span class='ocrx_word' id='word_1_299' title='bbox 933 4339 1063 4376; x_wconf 85' lang='lat' dir='ltr'><strong>numeros</strong></span> <span class='ocrx_word' id='word_1_300' title='bbox 1081 4322 1120 4376; x_wconf 87' lang='lat' dir='ltr'><strong>sic</strong></span> <span class='ocrx_word' id='word_1_301' title='bbox 1138 4321 1267 4377; x_wconf 83' lang='lat' dir='ltr'><strong>restitue:</strong></span> <span class='ocrx_word' id='word_1_302' title='bbox 1288 4320 1436 4375; x_wconf 80' lang='lat' dir='ltr'><strong>Prduem&#39;e-</strong></span> 
     </span>
     <span class='ocr_line' id='line_1_37' title="bbox 292 4408 1435 4482; baseline -0.003 -16"><span class='ocrx_word' id='word_1_303' title='bbox 292 4413 359 4467; x_wconf 74' lang='lat' dir='ltr'><strong>bant</strong></span> <span class='ocrx_word' id='word_1_304' title='bbox 376 4413 496 4466; x_wconf 76' lang='lat' dir='ltr'><strong>oratores</strong></span> <span class='ocrx_word' id='word_1_305' title='bbox 513 4413 594 4476; x_wconf 70' lang='lat' dir='ltr'><strong>edrai,</strong></span> <span class='ocrx_word' id='word_1_306' title='bbox 618 4413 697 4466; x_wconf 77' lang='lat' dir='ltr'><strong>stulti</strong></span> <span class='ocrx_word' id='word_1_307' title='bbox 719 4411 930 4476; x_wconf 51' lang='lat' dir='ltr'><strong>adnascuntur&amp;</strong></span> <span class='ocrx_word' id='word_1_308' title='bbox 952 4411 982 4465; x_wconf 90' lang='lat' dir='ltr'><strong>iu</strong></span> <span class='ocrx_word' id='word_1_309' title='bbox 1002 4409 1092 4482; x_wconf 84' lang='lat' dir='ltr'><strong>primo</strong></span> <span class='ocrx_word' id='word_1_310' title='bbox 1116 4413 1210 4466; x_wconf 83' lang='lat' dir='ltr'><strong>antem</strong></span> <span class='ocrx_word' id='word_1_311' title='bbox 1229 4408 1330 4464; x_wconf 87' lang='lat' dir='ltr'><strong>leniter</strong></span> <span class='ocrx_word' id='word_1_312' title='bbox 1348 4411 1435 4462; x_wconf 69' lang='lat' dir='ltr'><strong>mans·</strong></span> 
     </span>
     <span class='ocr_line' id='line_1_38' title="bbox 292 4499 1315 4570; baseline -0.002 -16"><span class='ocrx_word' id='word_1_313' title='bbox 292 4517 365 4570; x_wconf 88' lang='lat' dir='ltr'><strong>pone</strong></span> <span class='ocrx_word' id='word_1_314' title='bbox 384 4500 454 4554; x_wconf 79' lang='lat' dir='ltr'><strong>Cedo</strong></span> <span class='ocrx_word' id='word_1_315' title='bbox 473 4502 593 4556; x_wconf 67' lang='lat' dir='ltr'><strong>ecdurum</strong></span> <span class='ocrx_word' id='word_1_316' title='bbox 611 4503 660 4570; x_wconf 77' lang='lat' dir='ltr'><strong>qui</strong></span> <span class='ocrx_word' id='word_1_317' title='bbox 677 4515 732 4554; x_wconf 68' lang='lat' dir='ltr'><strong>rein</strong></span> <span class='ocrx_word' id='word_1_318' title='bbox 747 4499 888 4568; x_wconf 74' lang='lat' dir='ltr'><strong>publicum</strong></span> <span class='ocrx_word' id='word_1_319' title='bbox 907 4507 1012 4556; x_wconf 73' lang='lat' dir='ltr'><strong>walam</strong></span> <span class='ocrx_word' id='word_1_320' title='bbox 1031 4501 1162 4555; x_wconf 58' lang='lat' dir='ltr'><strong>dumetis</strong></span> <span class='ocrx_word' id='word_1_321' title='bbox 1180 4501 1235 4552; x_wconf 80' lang='lat' dir='ltr'><strong>tdm</strong></span> <span class='ocrx_word' id='word_1_322' title='bbox 1254 4499 1315 4554; x_wconf 63' lang='lat' dir='ltr'><strong>rito.</strong></span> 
     </span>
    </p>
   </div>
   <div class='ocr_carea' id='block_1_6' title="bbox 0 0 1652 5104">
    <p class='ocr_par' dir='ltr' id='par_1_15' title="bbox 0 0 1652 5104">
     <span class='ocr_line' id='line_1_39' title="bbox 0 0 1652 5104; baseline 0 0"><span class='ocrx_word' id='word_1_323' title='bbox 0 0 1652 5104; x_wconf 95' lang='lat' dir='ltr'><strong> </strong></span> 
     </span>
    </p>
   </div>
  </div>
 </body>
</html>
