3274 5114
268 334 334 400 264
659 351 696 396 ru
719 349 832 398 vmmr
855 350 1020 398 domurn

269 515 302 558 se
331 493 460 586 quidem
488 496 540 558 set
566 491 773 560 commodum
800 492 1001 557 intellectum
1028 491 1137 558 habet
1188 493 1296 560 Motus
1323 494 1410 562 enim

269 601 369 666 animi
392 600 424 667 h.
439 622 464 666 e.
484 599 711 666 concitatiores
731 602 828 682 atque
847 598 926 664 odeo
950 599 1156 664 sublimiores
1179 599 1314 666 affectus
1338 624 1410 668 curn

268 708 429 794 gravitate
453 707 632 792 descriptos
656 706 737 772 setis
760 709 890 772 constat
911 704 1100 772 eTerentio
1123 706 1189 772 iam
1206 709 1331 773 veteres
1353 708 1412 775 cri·

267 814 349 879 ticos
378 813 593 898 abiudioasse,
623 814 683 893 ἤθη
712 812 821 898 polius
844 811 894 876 illi
918 833 1015 896 quam
1038 811 1123 892 πάθη
1146 813 1339 879 tribuentes:
1372 815 1411 881 de

269 943 333 1006 quo
357 924 390 985 et
412 921 577 986 luculenta
604 921 682 983 sunt
708 921 742 984 et
767 921 849 983 nota
871 918 1021 984 omnibus
1044 916 1203 986 Varronis
1225 921 1412 987 testimonia

269 1025 354 1111 apud
378 1024 562 1092 Charisium
589 1048 620 1110 p.
643 1023 709 1090 215
736 1028 769 1090 et
795 1023 938 1090 Nonium
965 1047 995 1110 p.
1019 1025 1094 1092 374.
1138 1025 1325 1112 Eodemque
1347 1027 1411 1112 pri·

269 1132 341 1198 dem
365 1132 566 1197 intellectum
590 1135 640 1197 est
662 1129 835 1196 Horatium
859 1134 1018 1215 spectare,
1041 1153 1113 1196 cum
1134 1131 1321 1216 proutmtcm
1343 1134 1410 1198 lau-

270 1239 340 1304 dsri
363 1238 398 1304 in
421 1237 576 1324 Caecilio,
598 1240 633 1303 in
656 1237 810 1304 Terentio
832 1243 931 1303 ortem
953 1238 1081 1303 exclusa
1104 1238 1265 1323 gravitate
1289 1240 1411 1326 signifi-

270 1345 365 1410 oevit
402 1345 462 1410 His
486 1346 586 1432 igitur
600 1345 767 1410 Terentius
791 1342 915 1425 πάθεα,
939 1367 1023 1429 quae
1046 1369 1066 1410 a
1079 1344 1258 1411 Menandro
1282 1345 1411 1431 quidem

269 1451 401 1516 minime
424 1451 531 1516 aliena
552 1451 695 1530 fuerunt,
717 1473 783 1516 non
806 1472 876 1516 esse
899 1450 964 1516 nisi
988 1450 1109 1517 sedatis
1132 1451 1163 1518 h.
1187 1475 1213 1517 e.
1236 1452 1412 1518 attenuatis

270 1563 303 1624 et
332 1559 373 1624 ad
403 1558 545 1644 aliquem
575 1557 795 1623 humilitatem
824 1557 984 1642 depressis
1015 1557 1091 1624 usus
1121 1557 1247 1624 dicitur.
1293 1557 1414 1626 Contra

268 1665 381 1730 suurn
412 1664 561 1748 nundus,
593 1663 679 1749 qnod
708 1662 771 1727 fuit
800 1663 851 1729 cui
882 1663 916 1728 in
945 1666 1087 1730 mentem
1117 1665 1255 1751 veniret,
1287 1667 1414 1732 ratione

269 1771 401 1836 omnino
425 1775 523 1857 caret,
545 1793 618 1836 cum
637 1770 675 1836 τὸ
694 1769 804 1849 ἠθικὸν
827 1775 942 1855 suapte
965 1773 1083 1836 nature
1105 1771 1178 1837 lene
1201 1771 1246 1838 sit
1269 1776 1302 1838 et
1325 1772 1414 1838 seda·

269 1883 348 1944 tum.
392 1877 507 1961 Itaque
540 1877 574 1942 in
606 1876 740 1942 eandem
771 1879 898 1961 partem
929 1877 1022 1942 illem
1053 1877 1331 1962 interpretandum
1364 1882 1416 1943 est

269 1983 355 2070 quod
385 1983 584 2050 dimediotum
605 1982 819 2048 Menandrum
848 1980 884 2047 C.
908 1980 1028 2048 Caesar
1050 1982 1238 2050 Terentium
1261 1983 1343 2050 dixit
1365 1986 1413 2050 eis

271 2092 326 2178 qni
349 2089 590 2174 subsequuntur
614 2087 774 2170 versibus,
797 2087 828 2151 h.
852 2108 878 2152 e.
901 2086 1110 2154 Menandrico
1133 2090 1214 2154 artis
1237 2090 1270 2154 in
1294 2091 1415 2176 duplici

271 2214 402 2284 genere,
433 2201 467 2262 et
489 2194 595 2262 ethico
620 2197 653 2258 et
674 2192 856 2278 pathetioo‚
879 2193 1073 2278 conspicuae
1097 2195 1263 2261 dimidiam
1286 2201 1415 2264 tanturn

270 2309 396 2391 partem
420 2303 623 2394 adsecutum:
647 2301 741 2366 aliter
764 2304 862 2386 atque
876 2299 1038 2368 Meinelrio
1061 2303 1168 2368 visum
1192 2307 1242 2367 est
1260 2325 1290 2388 p.
1305 2321 1415 2368 xxxvl

270 2413 303 2476 in
329 2409 547 2476 adnotatione.
594 2406 744 2474 Ceterum
772 2409 858 2493 quod
886 2407 972 2493 apud
995 2405 1165 2474 Schottum
1189 2408 1211 2474 l.
1234 2431 1259 2476 s.
1283 2432 1307 2474 s.
1329 2409 1415 2493 posi-

270 2521 341 2582 tum
363 2516 489 2601 reperio
512 2516 626 2582 sedatis
647 2515 788 2594 mnes,
818 2537 877 2582 neo
907 2514 1000 2599 cepio
1023 2536 1082 2581 neo
1105 2515 1188 2580 unde
1211 2515 1348 2582 ascitum
1371 2514 1416 2580 sit

271 2645 422 2708 compen.

361 2763 500 2846 [Ibidem
518 2763 607 2846 effers
626 2767 814 2848 corruptum
828 2784 899 2828 esse
913 2767 1028 2848 postea
1042 2763 1196 2830 iudicavit
1210 2763 1416 2848 Ritschelius,

272 2871 327 2956 qui
350 2871 384 2936 in
406 2893 437 2936 n
460 2869 543 2935 Mus.
565 2869 669 2936 Rhen.
691 2867 753 2935 XV
776 2893 806 2956 p.
831 2869 895 2936 628
919 2869 1000 2936 haee
1023 2870 1168 2955 scripsit:
1197 2868 1253 2935 ‘In
1277 2869 1340 2936 den
1363 2868 1414 2935 Ci-

271 2977 479 3044 ceronischen
502 2973 628 3040 Versen

360 3119 410 3184 Tu
433 3139 575 3204 quoquc,
598 3118 654 3204 qui
678 3119 767 3185 solus
790 3118 875 3184 lecto
899 3139 1059 3202 sermone,
1081 3117 1227 3202 Terenti,

361 3225 558 3290 Conversum
581 3246 839 3309 expressumque
855 3224 959 3290 latine
981 3245 1058 3289 voce
1081 3223 1295 3290 Menandrum

361 3329 400 3396 In
423 3329 565 3396 medium
587 3329 682 3396 nobis
706 3329 827 3396 sedatis
849 3330 981 3396 mistus
1003 3329 1111 3414 effers,

362 3437 521 3514 Quiddem
544 3459 634 3503 corne
657 3437 793 3522 loquens
818 3440 915 3522 etque
938 3436 1047 3503 omnia
1069 3437 1178 3524 dulcia
1200 3439 1329 3504 cruceis
1406 3413 1407 3418 ἵ

274 3579 380 3646 steclrt
409 3577 493 3646 nooh
523 3579 577 3670 ein
606 3577 729 3646 Fehler.
774 3579 838 3644 Mit
866 3579 971 3646 Recht
999 3579 1118 3646 nimmt
1147 3579 1202 3645 Fr.
1225 3579 1417 3646 Bucheler

275 3686 413 3753 Anstoss
432 3709 474 3752 an
494 3686 566 3752 dem
582 3684 702 3768 ‘efferet
734 3687 854 3752 Mna
870 3707 939 3754 voce
956 3707 1131 3770 repressus
1148 3685 1238 3766 effers
1256 3686 1332 3752 liess
1348 3686 1417 3751 sich

274 3815 374 3881 sagen
393 3793 452 3860 wie
474 3794 598 3860 muca
621 3795 658 3859 de
678 3794 765 3859 vorin
787 3813 962 3876 apresens
984 3793 1093 3859 attulit
1114 3793 1168 3858 bei
1182 3793 1317 3858 Terens:
1340 3793 1417 3857 eber

273 3900 361 3966 donn
384 3898 468 3964 ohne
491 3899 527 3963 in
548 3897 683 3964 medium
705 3895 836 3981 (notre),
860 3896 926 3962 und
949 3896 1031 3962 auch
1055 3918 1092 3963 so
1114 3897 1175 3963 mit
1197 3901 1332 3964 mattem
1354 3897 1415 3964 Ge·

274 4005 408 4073 danken.
449 4001 502 4067 An
525 4001 576 4068 die
599 4001 793 4088 Bedeutung
816 4002 894 4068 aber
916 4025 954 4067 zu
976 4001 1112 4088 denken,
1134 4003 1167 4071 in
1186 4005 1243 4071 der
1265 4025 1366 4072 vocem
1382 4005 1418 4072 in

273 4113 381 4196 culpus
407 4107 528 4196 efferre,
559 4109 750 4176 clandestina
772 4109 902 4174 modu
922 4107 1031 4189 efferre
1051 4108 1118 4174 und
1142 4108 1337 4177 Aehnliches
1362 4130 1416 4194 ge-

276 4223 350 4304 segt
372 4217 465 4304 wird,
488 4215 649 4284 rerbietet
672 4215 729 4282 des
753 4213 1048 4303 Sechrerhtltniss5
1076 4216 1127 4283 die
1150 4215 1416 4282 Menandrisohen

275 4323 470 4410 Komtdien,
502 4325 564 4390 seit
591 4323 695 4390 sinem
722 4321 843 4388 halben
865 4321 1088 4390 Jahrhundert
1115 4323 1175 4389 den
1199 4323 1340 4388 Rtmern
1367 4321 1416 4386 oft

277 4449 389 4520 genug
415 4429 606 4518 vorgelllhrt
629 4427 732 4494 durch
752 4425 887 4494 Plautus
909 4428 975 4496 und
998 4427 1171 4512 Caecilius,
1204 4449 1312 4492 waren
1334 4427 1417 4494 doch
