3288 5100
528 449 605 496 s1vn
631 448 878 496 rruunournvu
902 448 1005 494 arsur.
1273 431 1337 496 553

192 589 293 673 logis,
318 589 395 653 item
421 589 554 656 athletis
578 593 791 675 ludorumque
815 591 1018 674 publicorum
1042 590 1234 674 victoribus,
1263 591 1339 654 arti-

194 695 309 759 ficibus
334 697 490 760 scaenicis
515 701 547 760 et
571 697 798 775 saltatoribus,
821 698 1044 761 inventoribus
1069 697 1277 781 opificibusve
1301 697 1339 762 de

194 802 337 866 humano
376 823 491 887 genere
533 805 613 868 bene
655 804 794 888 meritis,
836 805 1116 889 magnanimitatis
1158 803 1339 868 honestatis

196 909 431 974 sanctimoniae
454 911 486 975 in
512 912 581 976 vita
602 912 730 996 privata
754 912 982 994 comprobatae
1007 910 1174 994 exemplis,
1198 911 1339 975 insolitis

194 1015 245 1078 vel
278 1015 312 1078 in
345 1015 495 1100 fingendo
526 1039 660 1102 corpore
688 1017 739 1081 vel
771 1018 804 1081 in
838 1017 1036 1082 fortunanda
1068 1020 1175 1081 aetate
1205 1022 1340 1082 naturae

194 1121 358 1185 miraculis
383 1125 479 1206 atque
509 1124 687 1206 beneficiis,
717 1124 911 1188 eminentiae
935 1123 1102 1187 muliebris
1128 1122 1341 1212 documentis

195 1227 331 1303 Qualem
361 1233 626 1315 argumentorum
654 1229 895 1294 multitudinem
925 1229 952 1292 si
977 1228 1147 1293 exhaurire
1171 1252 1243 1294 cum
1271 1231 1340 1314 pul·

196 1333 318 1400 visculo
350 1336 455 1401 Varro
485 1337 643 1401 voluisset
671 1359 730 1400 nec
759 1337 793 1399 in
821 1336 882 1400 hac
911 1335 1118 1419 potissimum
1149 1341 1241 1418 parte
1270 1359 1342 1400 curn

195 1440 320 1506 delectu
344 1465 449 1528 agere,
472 1467 537 1508 non
562 1447 713 1526 septenas
737 1444 802 1526 ille,
827 1443 882 1506 sed
908 1442 1002 1506 facile
1025 1442 1166 1525 septiens
1191 1445 1342 1524 septenas

194 1548 414 1613 hebdomadas
447 1551 611 1633 replesset.
658 1549 780 1610 Verum
813 1547 898 1611 inter
930 1547 1017 1611 banc
1049 1552 1158 1611 tamen
1196 1549 1342 1632 quamvis

197 1658 310 1735 suapte
342 1658 459 1718 natura
492 1656 616 1738 largam
650 1654 832 1718 ubertatem
868 1657 900 1716 et
933 1675 987 1717 sex
1022 1653 1173 1717 classium
1212 1655 1342 1718 illarum

175 1759 423 1842 ¹principalium
447 1761 654 1825 nobilitatem
683 1760 913 1845 gravissimum
943 1760 1163 1825 intercedebat
1190 1760 1252 1826 hoc
1280 1761 1343 1825 dis·

195 1865 315 1928 crimen
340 1867 438 1950 quod,
463 1868 517 1952 qui
541 1868 650 1950 ipsum
674 1867 786 1930 florem
813 1866 941 1951 generis
965 1866 1098 1930 humani
1123 1872 1156 1931 et
1178 1871 1343 1953 tamquam

195 1969 368 2034 medullam
391 1971 532 2036 delibare
556 1973 653 2037 vellet
677 1973 769 2037 etad
790 1972 970 2037 confessam
996 1972 1191 2040 Graecorum
1215 1974 1342 2038 laudem

194 2078 376 2142 Romanam
399 2079 551 2143 virtutem
576 2079 800 2163 aequiperare,
826 2078 943 2142 harum
968 2079 1098 2163 quidem
1122 2080 1286 2162 classium,
1309 2083 1345 2144 ut

194 2185 310 2269 quibus
335 2185 383 2248 vis
407 2181 440 2248 et
463 2186 665 2268 praestantia
688 2185 810 2270 ingenii
834 2184 968 2249 humani
998 2188 1170 2270 praecipue
1194 2188 1343 2250 aestima-

194 2295 283 2355 retur
297 2292 458 2356 communi
473 2313 630 2356 consensu
651 2292 805 2374 omnium,
822 2291 906 2354 nihil
925 2291 1012 2374 quod
1032 2293 1168 2356 alicuius
1187 2293 1344 2357 momenti

195 2402 280 2462 esset
312 2399 571 2480 praetermittere
604 2397 729 2481 debuit,
763 2401 876 2462 contra
909 2397 1041 2462 minime
1071 2397 1240 2463 excidebat
1269 2420 1341 2462 cou-

195 2506 278 2588 silio,
302 2505 328 2567 si
352 2505 386 2568 in
410 2525 562 2588 generum
587 2504 850 2568 secundariorum
870 2503 1004 2568 summis
1028 2507 1155 2570 tantum
1180 2504 1342 2588 capitibus

194 2610 387 2696 quibusdam
412 2609 619 2692 decerpendis
644 2610 875 2692 acquiesceret.

285 2716 389 2793 Quam
418 2718 526 2778 autem
558 2717 634 2798 apto
665 2715 776 2779 ordine
803 2715 837 2778 iu
865 2715 1034 2799 proposita
1064 2739 1082 2779 a
1109 2716 1204 2780 nobis
1227 2717 1343 2801 Imagi-

195 2845 270 2887 num
302 2823 414 2886 tabula
443 2821 589 2906 singndae
619 2843 652 2884 se
676 2821 797 2885 classes
826 2821 1003 2904 excipiant,
1030 2822 1170 2886 maxime
1199 2824 1342 2887 omnium

195 2931 271 2994 hinc
295 2929 510 2995 manifestum,
527 2932 589 3009 est,
622 2928 707 3012 quod
741 2927 800 2991 illa
831 2927 959 2992 ratione
993 2927 1063 2992 sola
1096 2928 1214 2993 similia
1244 2931 1343 2993 conti-

195 3043 338 3102 nuantur
362 3035 534 3100 similibus.
575 3032 660 3098 Nam
685 3056 757 3098 cum
785 3034 820 3097 in
848 3033 1039 3098 inlustribus
1065 3034 1226 3117 sapientia
1254 3033 1342 3098 civili

199 3143 386 3208 hominibus
410 3164 476 3206 non
503 3141 599 3225 pauci
628 3140 750 3206 fuerint
778 3140 832 3225 qui
856 3140 954 3204 etiam
979 3139 1019 3204 ad
1048 3141 1251 3205 scribendum
1275 3141 1343 3205 ani·

196 3273 286 3314 mum
314 3249 532 3332 adplicarent,
559 3247 592 3311 id
621 3248 705 3332 quod
735 3269 807 3310 cnm
835 3247 869 3310 in
898 3244 1047 3311 Solonem
1076 3251 1145 3311 tum
1165 3247 1205 3310 ¹in
1233 3246 1341 3330 legum
1383 3261 1389 3272 ·

198 3357 319 3420 latores
339 3377 451 3420 omnes
470 3355 565 3437 cadit,
588 3355 668 3418 bene
691 3354 812 3418 factum
837 3353 922 3438 quod
946 3348 1001 3417 eos
1024 3353 1113 3436 ipsos
1133 3353 1221 3417 nullo
1246 3354 1342 3417 inter·

195 3461 290 3541 vallo,
314 3461 368 3544 qui
392 3461 425 3524 in
450 3460 568 3524 litteris
589 3460 741 3524 ornandis
761 3481 892 3542 operam
912 3481 1039 3523 omnem
1060 3463 1340 3543 consumpserunt,

194 3567 390 3630 insecuntur.
426 3567 548 3631 Rursus
582 3567 685 3630 altera
717 3589 755 3629 ex
789 3567 883 3648 parte
916 3564 956 3628 ad
990 3565 1162 3648 scriptores
1194 3565 1341 3649 proxime

196 3671 361 3754 accedunt,
384 3673 438 3757 qui
459 3694 532 3737 cum
551 3674 583 3736 in
604 3673 699 3737 certis
719 3671 903 3755 disciplinis
925 3671 1108 3735 excolendis
1127 3675 1343 3753 versarentur,

195 3775 274 3842 item
294 3778 413 3843 litteris
428 3779 620 3864 consignata
640 3778 688 3842 sui
709 3782 919 3842 monumenta
937 3777 1145 3861 reliquerunt.
1173 3777 1343 3842 Praeterea

196 3885 363 3968 quoniam,
387 3907 468 3968 quos
493 3885 534 3949 ab
558 3884 662 3948 ‘arte’
684 3884 791 3949 Varro
815 3883 968 3966 seiunxit,
992 3888 1025 3947 et
1046 3883 1160 3947 musici
1185 3887 1217 3947 et
1240 3883 1342 3948 archi·

195 3992 274 4055 tecti
302 3991 454 4074 propiore
482 3996 591 4056 tamen
621 4014 692 4056 cum
720 3991 779 4054 illa
808 4012 905 4076 quam
934 4011 1005 4054 cum
1036 3991 1101 4054 ullo
1132 3991 1195 4054 alio
1226 4011 1342 4074 genere

196 4097 323 4161 vinculo
353 4097 572 4180 continentur,
601 4096 767 4162 commode
796 4096 982 4160 institutum
1011 4099 1062 4160 est
1089 4098 1126 4159 ut
1153 4095 1342 4179 disciplinas

195 4203 284 4287 ipsae
318 4208 404 4267 artes
437 4203 608 4286 excipiant.
646 4203 735 4279 Quae
767 4202 939 4267 commoda
971 4203 1042 4266 vide
1069 4224 1148 4266 num
1182 4224 1245 4286 qua
1277 4201 1342 4266 alia

195 4309 385 4394 disponendi
405 4310 457 4374 via
475 4310 627 4393 consequi
648 4331 741 4392 posse
761 4308 898 4372 videare.
938 4307 1045 4390 Atque
1062 4307 1241 4371 subtilioris
1261 4307 1340 4372 adeo

195 4417 425 4481 concinnitatis
441 4416 613 4480 artificium
633 4417 667 4479 in
687 4437 725 4480 eo
744 4414 838 4479 facile
854 4413 1049 4496 conspicias,
1065 4413 1148 4497 quod
1168 4413 1232 4478 tria
1250 4416 1342 4498 paria

198 4527 273 4588 sunt
306 4523 517 4608 probatarum
550 4545 569 4586 a
600 4522 694 4588 nobis
728 4519 891 4584 classium:
924 4519 964 4582 ad
995 4519 1158 4584 civitatem
1191 4524 1341 4604 spectans
