3288 5100
304 361 369 428 526
519 439 524 454 .
634 381 749 428 esaan
773 359 917 428 vaeso’s
941 379 1118 426 luncrnvn

251 524 283 572 1⁶
391 522 430 587 de
454 523 567 608 lingua
589 524 693 589 latina
714 521 817 588 XXV.

391 630 635 714 disciplinarum
658 629 765 696 VIIII.

392 736 431 801 de
455 757 601 802 sermone
623 737 726 801 latino
750 735 790 802 V.

392 844 621 926 quaestionum
641 843 861 926 plautinarum
884 841 924 907 V.

391 949 557 1013 annalium
580 948 638 1013 III.

392 1054 432 1118 de
455 1055 580 1139 origine
604 1055 734 1140 linguae
757 1055 878 1119 latinae
901 1053 960 1119 ΙΙΙ.

393 1159 432 1224 de
455 1163 615 1244 poematis
638 1161 696 1227 HI.

392 1266 431 1330 de
455 1267 633 1352 originibus
657 1267 793 1333 scenicis
817 1267 876 1332 III.

392 1372 430 1438 de
454 1375 589 1440 scenicis
613 1375 796 1441 actionibus
819 1372 878 1438 III.

394 1480 433 1546 de
457 1481 614 1563 acti[bu]s
638 1481 772 1546 scenicis
795 1479 853 1546 III.

392 1588 431 1652 de
455 1586 728 1673 descriptionibus
752 1586 810 1651 III.

393 1694 432 1758 de
455 1695 655 1778 proprietate
679 1693 856 1776 sciptorum
880 1691 939 1756 III.

393 1800 432 1866 de
455 1801 664 1868 bibliothecis
687 1799 746 1865 III.

393 1907 432 1970 de
455 1907 649 1972 lectionibus
673 1905 730 1972 ΙΙΙ.

393 2013 432 2077 de
457 2013 667 2080 similitudine
692 2014 866 2079 uerborum
889 2012 948 2078 III.

394 2119 594 2204 legationum
619 2119 676 2186 III.

393 2226 580 2292 suasionum
604 2226 662 2292 III.

394 2333 433 2398 dc
456 2334 606 2418 pompeio
630 2332 687 2398 III.

394 2441 577 2526 singulares
601 2440 640 2506 X.

394 2546 433 2611 de
456 2547 602 2631 personis
626 2547 683 2612 III.
817 2545 822 2554 '

396 2652 434 2716 de
457 2655 527 2717 iure
550 2653 639 2718 ciuili
662 2653 733 2720 XV.

393 2761 547 2840 ἐπιτομὴν
570 2749 799 2846 antiquitatum
823 2784 861 2826 ex
884 2762 976 2826 libris
999 2760 1096 2827 XLII.
1120 2762 1222 2826 libros
1245 2758 1351 2824 Vllll.

394 2868 547 2947 ἐπιτομὴν
571 2889 609 2930 ex
631 2867 811 2952 imaginum
835 2866 928 2931 libris
950 2865 1021 2931 XV.
1044 2867 1147 2932 libros
1171 2865 1245 2930 IIII.

393 2973 547 3050 ἐπιτομὴν
570 2971 609 3036 de
633 2972 745 3058 lingua
767 2973 870 3038 latina
893 2994 932 3037 cx
954 2971 1047 3036 libris
1070 2971 1142 3037 XV.
1166 2972 1266 3036 libros
1290 2969 1398 3036 VIIII.
1445 3031 1449 3039 .

393 3079 432 3142 de
455 3077 623 3162 principiis
645 3100 855 3142 numerorum
878 3077 981 3142 libros
1004 3076 1111 3142 VIIII.

392 3205 500 3248 rerum
523 3184 716 3248 rusticarum
739 3184 841 3248 libros
864 3183 924 3248 III.

393 3289 432 3353 de
454 3290 633 3355 ualitudine
656 3291 776 3356 tuenda
797 3291 916 3355 librum
938 3290 963 3354 Ι.

393 3395 431 3459 de
456 3417 514 3460 sua
537 3397 606 3461 uita
628 3396 728 3462 libros
752 3395 810 3462 III.

394 3501 432 3566 de
455 3501 562 3568 forma
585 3501 812 3587 philosophiae
835 3504 937 3569 libros
960 3502 1019 3567 III.

393 3630 499 3672 rerum
523 3609 718 3674 urbanarum
742 3611 844 3674 libros
868 3609 926 3674 ΠΙ.

393 3715 567 3780 satirarum
591 3717 835 3800 menippearum
859 3716 959 3781 libros
984 3713 1045 3780 CL.

377 3913 410 3960 18
429 3907 607 3976 questionum
625 3911 660 3962 A.
687 3908 880 3978 quaestionum
901 3907 929 3960 P
998 3907 1225 3976 plautinanarum
1239 3909 1266 3963 A
1285 3909 1358 3964 nach
1371 3909 1450 3963 Phil-

304 3995 377 4065 lipps
397 3995 452 4048 und
472 3994 626 4064 chappele,
650 3996 783 4051 wthrend
802 3995 977 4051 Schleichers
996 3994 1143 4050 Facsimile
1165 3997 1377 4065 ‘plautinarum'
1399 3999 1451 4052 hat

375 4088 409 4136 22
429 4083 556 4154 scenicis]
576 4084 627 4138 scli
646 4085 682 4138 A.
701 4084 806 4138 saeculi
826 4083 933 4138 ‘A’Bc
1021 4089 1055 4137 24
1074 4084 1145 4140 actis
1164 4085 1222 4138 ΑΡ
1306 4095 1340 4141 36
1359 4088 1451 4142 ema

304 4211 359 4276 μὴν
380 4209 413 4262 Ρ.
434 4210 582 4278 aptorum
599 4209 627 4262 A
728 4208 802 4262 xuu
822 4209 857 4262 Λ,
877 4171 1004 4260 xc11b¹¹⁸
1025 4207 1053 4260 P
1142 4215 1176 4264 er
1196 4209 1267 4264 saun
1285 4226 1356 4276 ganz
1373 4209 1403 4264 in
1422 4214 1450 4266 a

393 4303 427 4351 38
446 4299 580 4373 ἐπιτομὴν
600 4297 634 4350 P.
654 4297 795 4366 epitomes
813 4297 841 4350 A
931 4297 981 4352 XV
1001 4297 1082 4352 ABG
1175 4305 1208 4352 41
1229 4297 1393 4354 ualitudine.
1412 4303 1452 4358 A.

304 4385 474 4441 ualetudine.
491 4385 519 4440 P
598 4391 632 4438 42
651 4383 789 4438 suauitate
807 4384 889 4440 ABG
967 4391 1001 4440 45
1021 4388 1178 4455 satyrarum
1196 4385 1255 4438 ΑΡ
1343 4387 1450 4459 menip-

304 4490 404 4543 pcrnm
422 4472 481 4529 Rc.
500 4487 701 4542 menypparum
720 4472 747 4525 A
