3274 5114
603 434 816 486 assensum
839 433 1029 486 susurrus.
1318 415 1380 484 119

235 581 392 668 cogitare.
437 581 553 668 Itaque
576 583 610 648 in
633 583 729 648 huius
753 584 942 648 societatem
965 581 1020 666 qui
1043 579 1266 645 iurisconsulti
1289 577 1381 645 Scae·

236 691 311 756 vola
330 693 363 754 et
376 689 492 754 Ateius
508 687 624 774 Capito
639 690 782 774 veniant,
798 711 864 754 non
879 690 986 755 minus
1006 691 1153 774 apertum
1172 691 1231 752 est.
1255 686 1381 771 Quippe

236 798 270 862 in
293 796 500 862 testamentis
529 796 686 883 siquando
709 795 831 862 ‘uina'
854 797 1060 882 legebantur,
1093 817 1189 880 saepe
1219 795 1382 860 subtiliter

111 937 124 952 ι
236 904 465 988 enucleateque
489 907 522 968 ct
544 903 762 987 quaerendum
785 907 856 969 erat
875 907 908 968 et
926 903 1107 988 quaesitum
1129 905 1187 986 est,
1210 923 1292 986 quae
1311 905 1382 966 ten·

236 1011 309 1076 dem
341 1011 486 1096 potionis
519 1031 638 1096 genera
670 1010 754 1076 ‘uini
786 1011 1008 1096 appellatione
1036 1005 1294 1076 continerentur'
1330 1007 1381 1072 vel

236 1139 302 1182 non
324 1117 579 1183 continerentur:
603 1117 693 1182 cuius
716 1118 764 1182 rei
786 1117 949 1183 luculento
970 1116 1162 1182 documento
1182 1119 1231 1180 est
1245 1113 1380 1199 leiani

237 1224 455 1309 fragmentum
479 1224 499 1288 9
523 1225 558 1288 in
579 1221 792 1308 Digestorum
815 1221 960 1288 XXXIII
981 1222 1032 1287 tit
1056 1222 1086 1287 6.
1130 1219 1197 1287 Vbi
1220 1242 1287 1286 non
1310 1223 1380 1286 tan-

237 1332 306 1394 tum
338 1329 503 1414 ‘passum’
535 1331 715 1416 respicitur*
739 1334 772 1394 et
804 1327 1008 1414 ‘defrutum’,
1045 1328 1101 1393 sed
1137 1329 1238 1393 etiam
1270 1329 1383 1394 vinum

238 1436 453 1504 ‘conditum':
485 1439 519 1504 in
548 1459 611 1522 quo
640 1459 756 1523 genere
780 1440 813 1502 et
835 1437 944 1520 ipsum
969 1433 1181 1500 ‘murratum'
1206 1431 1273 1522 (cui
1297 1440 1383 1501 certe

238 1545 431 1630 persimilis,
463 1546 492 1610 si
519 1567 585 1610 non
612 1566 672 1630 par
695 1544 757 1609 fuit
780 1541 958 1608 ‘murrina’
981 1543 1121 1630 testibus
1145 1540 1383 1630 grammaticis)

172 1723 179 1731 ,
236 1653 469 1717 numerabatur
492 1655 525 1716 et
548 1650 752 1717 ‘nardinum'
776 1673 848 1716 cum
872 1651 946 1715 aliis
970 1673 1052 1736 quae
1076 1649 1259 1734 composita
1281 1650 1382 1716 habes

238 1756 272 1820 in
293 1756 431 1823 Beckeri
454 1759 625 1844 Reiniique
649 1757 744 1824 Gallo
768 1756 855 1823 tIII
879 1780 910 1842 p.
925 1757 991 1822 310
1015 1756 1062 1822 ed.
1075 1759 1149 1820 tert
1164 1754 1382 1822 ——Oeterum

239 1863 278 1928 de
301 1863 402 1930 Persa
423 1865 532 1931 Plauti
555 1864 683 1931 Plinius
712 1868 768 1930 aut
795 1864 953 1930 memoria
974 1863 1087 1947 lapsus
1111 1867 1173 1948 est,
1208 1868 1265 1929 aut
1288 1886 1382 1949 quem

241 1975 406 2038 auctorem
430 1973 637 2058 sequebatur,
665 1972 844 2039 oscitanter
872 1971 1043 2056 exscripsit
1065 1972 1116 2036 rel
1140 1994 1311 2058 perperam
1334 1972 1380 2038 iu-

237 2078 373 2144 tellexIt.
404 2079 493 2144 'Nec
521 2079 606 2144 enim
635 2080 705 2146 eius
733 2079 863 2145 fabulae
892 2101 923 2143 r.
946 2079 987 2144 87
1004 2100 1050 2163 sq.
1080 2078 1148 2143 ulla
1178 2080 1301 2145 mentio
1331 2078 1383 2144 vel

239 2186 402 2251 murrinae
426 2188 478 2252 vel
497 2209 628 2254 murras
647 2187 693 2266 fit,
717 2187 773 2252 sed
792 2184 965 2250 ‘mulsum'
984 2185 1113 2250 iubetur
1131 2184 1312 2271 ‘strutheis
1334 2207 1384 2250 cc

238 2289 343 2376 luteis,
358 2291 495 2359 calamo'
511 2293 726 2359 commisceri:
749 2315 945 2378 quamquam
963 2293 1043 2356 haec
1056 2292 1130 2375 ipsa
1144 2291 1383 2358 emendatorem

239 2398 418 2464 etiamnum
441 2397 667 2487 exspectant.³)

638 2613 680 2679 II.
725 2611 984 2682 Annlcuvs.

328 2753 413 2822 Vere
436 2755 623 2822 Plautinum
645 2757 793 2822 fabulam
816 2778 895 2842 esse,
919 2779 1115 2843 quamquam
1137 2779 1204 2822 non
1227 2757 1261 2824 in
1284 2759 1385 2824 omni-

239 2861 300 2926 bus
333 2861 528 2928 ‘indicibus’
561 2864 646 2928 inter
677 2861 846 2928 Plautinas
879 2864 1030 2948 relatam,
1063 2865 1176 2929 auctor
1197 2862 1303 2929 Varro
1335 2869 1386 2929 est
1419 2874 1421 2878 ’

242 2965 330 3032 ‘curn
359 2970 523 3053 plerisque
554 2969 644 3034 aliis'
675 2971 761 3054 apud
788 2968 927 3039 Gellium
954 2969 1017 3055 III,
1041 2971 1075 3054 3,
1102 2973 1158 3037 14:
1192 2969 1271 3036 ‘Sed
1299 2971 1384 3035 enim

241 3073 488 3140 Saturionem
512 3080 545 3141 et
567 3077 776 3142 Addictum
800 3081 833 3142 et
850 3077 981 3142 tertiam
999 3077 1170 3162 quandam,
1193 3078 1281 3143 cuius
1299 3099 1385 3142 nunc

241 3181 320 3246 mihi
344 3204 463 3247 nomen
485 3203 552 3248 non
576 3184 735 3268 suppetit,
767 3183 803 3246 in
825 3184 966 3268 pistrino
991 3205 1064 3249 eum
1089 3183 1257 3268 scripsisse
1278 3182 1385 3250 Varro

241 3293 274 3353 ct
301 3289 446 3374 plerique
475 3289 531 3354 alii
559 3291 737 3356 memoriae
765 3289 988 3374 prodiderunt,
1021 3311 1093 3354 cum
1124 3292 1261 3375 pecunia
1288 3291 1385 3376 omni,

241 3417 338 3480 quam
361 3395 396 3460 in
419 3396 527 3480 operis
551 3395 712 3461 artificum
736 3395 958 3461 scaenicorum
982 3401 1163 3482 pepererat,
1186 3398 1220 3464 in
1238 3399 1385 3464 mercati-

241 3503 301 3567 bus
324 3501 451 3587 perdita
473 3502 567 3586 inops
590 3501 729 3567 Romam
752 3501 888 3567 redisset
912 3507 945 3568 et
963 3503 1004 3568 ob
1023 3506 1239 3590 quaerendum
1262 3505 1385 3570 uictum

243 3608 282 3672 ad
305 3608 569 3694 circumagendas
589 3608 703 3692 molas,
726 3629 808 3692 quae
828 3609 995 3675 trusatiles
1015 3613 1229 3696 appellantur,
1252 3633 1384 3696 operam

242 3715 357 3799 pistori
380 3715 540 3782 locasset'
568 3754 612 3761 ——
641 3713 844 3780 Conferenda
867 3720 943 3780 sunt
965 3739 1047 3803 quae
1071 3718 1110 3783 de
1133 3718 1194 3783 hac
1216 3717 1330 3784 fabula
1351 3719 1386 3784 in

243 3819 391 3907 Parergis
415 3821 578 3908 disputavi
601 3843 631 3906 p.
648 3821 720 3886 119.
746 3821 809 3888 128
820 3843 866 3906 sq.
892 3823 964 3887 143.
990 3825 1062 3889 166.
1085 3862 1127 3870 -
1152 3821 1385 3890 ‘Addictum'

245 3949 340 4012 quem
364 3951 435 3994 esse
457 3929 606 4014 voluerit,
628 3929 699 4013 ipse
721 3950 782 3994 nos
805 3931 904 4014 poeta
927 3928 1048 3994 doceat.
1085 3929 1147 4006 Qui
1166 3951 1238 3996 cum
1256 3930 1291 3995 in
1305 3929 1386 3996 Poe-

312 4106 340 4174 3)
361 4104 572 4175 [audaciorem
596 4104 644 4160 sed
667 4103 784 4160 eundem
809 4103 937 4174 inprimis
961 4121 1090 4176 sagacem
1113 4121 1203 4176 nuper
1219 4107 1304 4160 nacta
1321 4109 1387 4160 snnt

242 4190 407 4248 Masticium
426 4191 584 4263 Voigtium‚
611 4191 651 4246 sic
677 4192 812 4262 scriptum
837 4208 895 4247 esse
921 4208 939 4246 a
963 4192 1064 4248 Plauto
1090 4192 1273 4249 conicIentem
1296 4195 1386 4250 Musei

241 4281 328 4338 Rhea.
347 4283 367 4337 t.
377 4280 496 4336 XXVIII
515 4299 541 4351 p.
559 4287 607 4336 62:
628 4280 795 4336 ‘Commlsce
813 4281 947 4349 mulsum,
967 4283 1101 4334 stactes
1119 4281 1214 4338 eluta
1232 4283 1385 4352 adpars's

241 4371 352 4437 quando
368 4370 510 4426 ‘stactam'
526 4370 572 4424 vel
587 4369 718 4424 ‘stacten'
735 4370 845 4425 constat
858 4369 946 4439 ipsius
960 4369 1089 4438 myrrhae
1104 4371 1229 4426 oleosum
1247 4371 1385 4442 liquorem

241 4473 308 4513 csse.
347 4458 467 4529 Ibidem,
495 4459 563 4528 qnid
585 4459 658 4513 inter
681 4458 831 4514 murrinam
855 4462 885 4514 et
907 4459 1061 4514 murratam
1083 4458 1234 4531 affinesque
1257 4462 1386 4532 potiones

242 4545 408 4601 discriminis
427 4547 624 4619 intercesserit,
644 4547 780 4618 singulari
799 4547 947 4618 diligentia
965 4549 1128 4620 quaeritur]

1173 4637 1226 4694 12*
