3302 5106
573 451 845 500 DISCIPLINABVM
868 451 992 499 LIBRIS.

513 595 636 659 libroI
683 595 727 660 de
751 593 1007 680 grammatica

605 701 638 765 Π
683 702 964 767 dedialoctica

587 807 637 872 III
683 808 951 874 derhctorica

589 914 636 979 IV
682 915 725 979 de
749 914 967 1000 geometria

605 1020 637 1085 V
682 1021 1004 1086 dearithmelica

588 1127 637 1192 Vl
681 1127 725 1192 dc
749 1127 971 1212 astrologia

568 1234 633 1300 VII
680 1235 722 1299 de
747 1235 895 1300 musica

553 1341 632 1408 VIII
679 1342 939 1407 demedicina

497 1537 505 1558 ι
584 1448 632 1512 IX
678 1449 721 1514 dc
744 1449 1023 1514 architectura.

739 1647 758 1724 ἓ
785 1647 834 1710 11.

302 1767 389 1835 Satis
408 1790 494 1834 nunc
514 1767 694 1833 existimari
713 1767 752 1832 de
766 1767 906 1834 Ausonii
919 1767 1063 1853 Popmae
1086 1765 1206 1833 iudicio
1229 1765 1360 1864 poterit,

212 1875 267 1960 qui
298 1873 524 1940 Bibliothecae
557 1873 783 1939 Varronianus
815 1897 846 1958 p.
868 1875 933 1939 497
971 1873 1223 1956 Disciplinarum
1253 1873 1361 1959 inquit

123 1979 125 1984 ’
212 1982 285 2048 hhri
299 1981 397 2061 VIII,
419 1983 455 2046 ia
477 1981 586 2064 pathas
606 1982 672 2062 fail
688 1983 780 2046 varia
797 1987 827 2048 et
842 2003 879 2048 aa
897 1982 1239 2065 mancapzhana
1254 2001 1361 2065 penore

135 2081 140 2090 ’
211 2088 344 2153 dolihala
357 2089 514 2166 doctrina
538 2110 614 2154 aam
627 2089 684 2153 hae
698 2109 776 2172 qaae
788 2089 987 2172 appellantur
999 2093 1081 2153 artes
1100 2091 1164 2154 sive
1180 2090 1361 2172 disciplinae

211 2195 350 2259 litorales
371 2197 498 2261 seorsim
520 2197 560 2261 ab
582 2195 637 2261 hoc
659 2217 746 2279 opere
768 2196 861 2261 hhros
883 2197 1056 2279 siapalares
1078 2195 1260 2262 anama.
1310 2193 1360 2261 De

213 2325 277 2387 quo
308 2324 439 2386 prorsus
469 2301 586 2367 fefellit
616 2303 774 2386 Popmam
807 2302 927 2385 opinio.
982 2301 1046 2378 Qui
1080 2323 1163 2386 quae
1194 2305 1362 2386 praetcrea

212 2409 380 2474 commode
408 2409 502 2474 affert
530 2431 548 2473 e
571 2407 742 2474 Claudiani
764 2407 918 2473 Mamerti
949 2407 1094 2492 episcopi
1123 2408 1165 2472 ad
1192 2407 1360 2474 Sidoniam

212 2516 437 2600 Apollinarem
460 2515 545 2580 libro
568 2513 601 2578 Π
625 2513 664 2578 (1ο
688 2519 777 2579 statu
802 2515 931 2580 animae
955 2514 1070 2599 verba,
1099 2536 1137 2580 ea
1158 2537 1224 2580 non
1248 2514 1360 2581 dubito

211 2624 338 2707 potiore
361 2645 400 2688 ex
423 2627 517 2706 perte
540 2621 580 2686 ad
603 2621 693 2705 ipsos
710 2620 965 2706 Disciplinarum
989 2622 1090 2688 libros
1113 2623 1241 2687 referre.
1279 2619 1362 2688 Sunt

212 2733 321 2795 autem
344 2729 425 2794 haec
448 2751 517 2812 cap.
541 2729 560 2794 8
590 2751 620 2812 p.
643 2729 710 2792 440
738 2728 784 2792 ed.
809 2727 957 2794 Galland.
980 2729 1075 2794 Van:
1107 2729 1155 2794 M.
1184 2726 1284 2794 Varro
1311 2729 1362 2793 sai

211 2838 326 2902 saccali
342 2835 552 2920 paihnimas
576 2839 605 2900 ct
627 2839 697 2900 asa
714 2835 816 2900 Tullio
838 2835 978 2900 amaiam
999 2835 1067 2900 siaa
1084 2835 1273 2900 dubitatione
1294 2835 1361 2898 dac

212 2945 358 3022 laamas,
379 2942 456 3026 qaid
476 2942 512 3006 ia
534 2943 673 3020 οοοοὶοοο,
700 2943 777 3024 qaid
797 2943 833 3006 ia
854 2941 1071 3020 arithmeticis,
1094 2943 1171 3024 qaid
1191 2942 1225 3006 ia
1245 2959 1361 3023 peoora·

212 3052 312 3130 aare,
339 3051 472 3132 auidior
494 3047 800 3134 φιλοσοφουμένων
824 3049 912 3114 laris
934 3049 1042 3113 divina
1064 3050 1199 3131 quadam
1222 3049 1358 3131 ai'spaa
1373 3071 1399 3110 ss

213 3159 293 3222 lione
315 3158 482 3240 waaadit,
511 3158 575 3222 nisi
596 3161 632 3221 al
652 3177 675 3220 a
696 3156 868 3222 conditas
895 3157 938 3220 ad
958 3155 1144 3235 iaohthilia,
1171 3176 1192 3220 a
1215 3155 1361 3220 looahhus

212 3265 256 3327 ad
270 3264 416 3342 illocalia,
433 3285 455 3328 a
473 3265 624 3346 corporeis
641 3265 685 3329 ad
701 3264 880 3345 incorporea
897 3263 988 3328 miris
1006 3267 1148 3327 aeonae
1164 3263 1244 3327 arth
1261 3262 1361 3326 modis

215 3370 375 3436 nahalal
404 3371 547 3436 animam
580 3392 605 3434 e.
629 3393 658 3455 q.
683 3392 706 3434 s.
753 3369 890 3435 Gratum
920 3370 1017 3435 nobis
1047 3369 1126 3434 fecit
1154 3365 1360 3452 Claudianus,

214 3478 299 3560 qaod
322 3477 361 3542 ds
385 3478 509 3542 musica
532 3477 633 3560 deque
657 3476 865 3542 arithmetica
888 3477 989 3542 libros
1013 3475 1245 3560 Varronianos,
1268 3476 1360 3540 hosfi-

214 3582 396 3647 moniorum
418 3583 481 3646 fido
505 3582 610 3668 magis
635 3604 731 3666 quam
755 3582 897 3667 reliquos
921 3581 1105 3667 destitutos,
1129 3584 1192 3648 sibi
1212 3582 1361 3667 aegolios

213 3709 277 3753 non
302 3689 453 3774 ambigue
473 3688 644 3774 significat
668 3690 936 3768 φιλοεοφούμενα
955 3693 1064 3754 aulem
1082 3689 1223 3754 fortasse
1241 3688 1361 3753 librum

213 3793 252 3858 de
280 3795 451 3861 dialectica
477 3795 573 3880 dixit,
606 3795 654 3860 ita
682 3800 718 3860 ut
746 3795 834 3861 libris
858 3796 897 3860 ad
919 3795 1029 3880 priora
1052 3796 1163 3861 omnia
1184 3795 1360 3877 pertineat:

212 3922 288 3964 narn
311 3900 454 3967 Isidorus
478 3925 605 3987 quoque
627 3903 692 3986 ipsi
717 3901 756 3966 de
774 3902 946 3967 dialectica
963 3901 1178 3987 disputationi
1196 3901 1361 3987 integram

214 4009 313 4089 caput
335 4005 472 4071 inseruit
493 4009 530 4073 da
550 4009 727 4090 &hahicho
743 4009 957 4092 philosophiae
979 4008 1022 4094 II,
1044 4009 1097 4094 24,
1120 4007 1161 4072 ad
1185 4007 1271 4093 quod
1294 4006 1361 4072 adi·

212 4117 283 4177 tum
311 4111 362 4176 his
386 4111 494 4176 verbis
517 4119 624 4196 parat:
656 4115 752 4180 soleat
778 4119 880 4180 aulem
902 4114 1092 4198 philosophi,
1124 4119 1290 4196 aaloqaam
1319 4113 1363 4177 ad

214 4221 355 4303 isapopon
373 4219 499 4284 aoniam
516 4221 734 4304 capamidaar,
756 4221 964 4304 definitionem
972 4219 1185 4304 philosophiae
1198 4219 1360 4304 ostendere,

212 4347 272 4408 orto
292 4325 421 4408 [acilius
439 4345 475 4390 oo
493 4343 572 4406 qaae
589 4325 632 4388 ad
648 4345 716 4390 eam
729 4331 886 4408 pertineat
903 4331 1154 4394 amonareatar.
1184 4323 1259 4390 Nisi
1277 4325 1361 4392 forte

216 4437 292 4516 post
322 4435 455 4510 mecho,
488 4431 696 4516 aailhacclioa
726 4438 920 4515 ycometrica,
958 4455 1076 4520 genere
1112 4437 1229 4498 neutro
1264 4433 1362 4519 elata,

214 4540 346 4604 transiit
360 4536 558 4604 Claudianus
582 4537 622 4602 ad
641 4543 932 4622 φιλοεοφουμένων
955 4541 1058 4606 libros
1082 4539 1266 4624 argumenti
1288 4561 1362 4624 pro·

1112 4643 1167 4698 24*
