3294 5104
267 391 333 456 314
540 409 783 474 Qvuusmonas
808 410 1142 460 onouuronoomnn.

164 597 167 606 ·
268 553 496 621 *Κακιςτίων
525 552 713 619 Cacistio:
743 553 851 618 Plauti
878 545 1003 636 fabula,
1031 576 1051 619 a
1078 554 1163 619 servi
1192 555 1332 620 nomine.
1379 555 1413 622 Si

311 659 407 725 modo
435 664 520 726 recte
548 659 630 724 illud
660 659 789 724 restitui
811 659 979 745 Parergon
1001 659 1017 725 Ι
1040 681 1071 744 p.
1098 661 1156 726 151
1182 683 1242 745 pro
1266 683 1304 728 eo
1328 665 1414 746 quod

312 770 362 830 est
384 768 419 831 ia
440 767 596 832 sannone
619 767 703 851 apud
721 765 902 832 Varronem
921 768 959 831 de
978 768 998 832 l.
1016 767 1073 832 lat.
1092 765 1164 853 VII,
1184 769 1238 836 67.
1274 769 1411 836 Prorsus

312 872 434 938 factum
457 895 576 939 nomen
598 876 635 938 ut
658 873 826 954 Ἀριςτίων,
852 875 1052 940 Καλλιςτὶων.

267 979 471 1045 *Κάκιςτος
495 979 687 1046 Cacistus:
714 1003 825 1046 servus
849 981 1050 1066 Vidulariae,
1079 985 1244 1048 servatum
1266 984 1302 1048 in
1326 1007 1411 1050 scac-

312 1107 373 1150 nae
397 1087 608 1172 inscriptione
632 1087 752 1153 codicis
772 1086 994 1154 Ambrosiani:
1018 1088 1091 1154 vide
1111 1089 1171 1154 sub
1190 1091 1330 1156 Δεινίας.
1361 1092 1413 1156 Ad

309 1215 446 1280 samque
461 1193 648 1260 Vidulariae
668 1217 840 1279 personam
859 1195 971 1260 rettuli
985 1195 1151 1282 Parergon
1171 1201 1194 1262 t.
1208 1195 1224 1261 Ι
1238 1219 1268 1282 p.
1286 1199 1349 1262 162
1365 1221 1411 1282 sq.

310 1300 475 1386 Fulgentii
498 1301 645 1385 quamvis
669 1302 837 1386 suspitiosi
862 1301 1029 1386 scriptoris
1054 1303 1243 1370 memoriam
1261 1303 1413 1370 Plautum

311 1409 347 1473 in
382 1407 501 1474 Cacislo
536 1413 853 1476 commemorantem.
887 1447 928 1456 -
967 1408 1117 1476 Ceterum
1155 1409 1276 1476 similia
1311 1410 1413 1476 babes

310 1514 454 1595 Ἀριςτος
479 1517 647 1583 Κάλλιστος
670 1517 811 1601 propria.
858 1515 955 1597 [Vide
978 1515 1210 1598 Benselerum.]

269 1623 431 1688 Καλλίας
455 1621 603 1689 Callias
623 1619 794 1708 (Ολωαλ
819 1643 926 1706 senex,
949 1620 1130 1688 Trinummi
1145 1621 1201 1705 IV,
1216 1624 1246 1706 2,
1262 1625 1301 1688 71
1319 1622 1412 1711 (916)

314 1730 464 1815 eGuyeti
488 1731 713 1796 emendatione
732 1729 880 1815 proditae
898 1728 933 1792 in
951 1728 1044 1793 libris
1063 1729 1242 1814 scripturae
1260 1729 1412 1796 collicias:

313 1837 395 1902 unde
424 1861 443 1903 a
466 1835 651 1904 Camerario
680 1837 794 1902 effecto
819 1833 960 1902 Callicles
986 1835 1111 1900 nomini
1141 1835 1231 1902 locus
1255 1817 1413 1903 essenon

312 1949 421 2028 potest
443 1948 578 2028 propter
600 1966 627 2008 v.
652 1944 725 2009 899.

269 2051 552 2129 Καλλιδάμας
584 2048 864 2115 Callidamates
898 2047 1191 2135 (Cnnrnsnn'ras):
1226 2050 1413 2116 adulescens

313 2155 543 2224 Mostellariac.
596 2155 681 2236 Mira
718 2177 755 2221 ao
791 2177 924 2239 prorsus
963 2155 1122 2240 singulari
1159 2157 1412 2222 transformandi

312 2263 420 2349 specie
451 2263 574 2330 factum
606 2285 724 2329 nomen
756 2261 908 2327 latinum:
946 2262 1073 2347 quaudo
1105 2261 1143 2326 de
1175 2263 1413 2342 Καλλιδαιιάτης

311 2383 405 2436 nemo
433 2371 528 2436 facile
557 2369 724 2456 cogitabit.
770 2367 879 2433 Vnum
902 2391 962 2454 par
984 2372 1070 2434 esset
1093 2369 1322 2454 Antidamales,
1350 2367 1413 2434 nisi

313 2479 342 2544 ei
365 2479 488 2544 formae
511 2476 607 2540 fidem
632 2498 730 2560 supra
753 2476 1034 2541 subtraxissemus.

131 2586 150 2600 '⁸
270 2584 547 2664 Καλλιδημίδης
575 2581 851 2648 Callidemides
880 2581 1168 2671 (Cnmoanmns):
1202 2606 1311 2668 senex,
1344 2584 1413 2649 Tri·

312 2691 435 2758 nummi
463 2689 519 2773 IV,
548 2691 581 2774 2,
610 2691 650 2754 71
676 2687 784 2776 (916);
813 2727 855 2734 -
884 2688 1016 2773 hospes,
1044 2688 1191 2774 Hecyrae
1214 2689 1276 2774 III,
1302 2691 1337 2774 4,
1363 2691 1413 2756 18.

313 2798 352 2884 V,
375 2799 405 2884 3,
428 2799 458 2865 3.
482 2799 502 2864 6
526 2797 615 2884 (432.
639 2798 713 2864 801.
736 2795 824 2880 804).

269 2907 478 2986 Καλλικλῆς
511 2901 698 2969 Callicles
730 2900 946 2989 (Cnn1cuas):
980 2925 1077 2968 senex
1106 2903 1300 2987 Trinummi,
1333 2905 1412 2970 Tru-

312 3013 441 3076 culenti.

266 3115 554 3198 *Καλλίμαρχος
591 3117 877 3184 Callimarcbns
911 3113 1179 3200 (Camnnncvsb
1217 3139 1314 3183 senex
1346 3117 1413 3184 Tri·

310 3223 434 3288 nummi
458 3222 515 3307 IV,
538 3224 568 3307 2,
593 3223 635 3287 72
660 3220 762 3309 (917),
787 3223 814 3286 si
836 3222 939 3286 libros
962 3222 1134 3306 sequimur.
1181 3221 1341 3289 Graecum
1364 3229 1413 3289 ta

314 3352 388 3396 men
418 3330 611 3396 vocabulum
636 3352 655 3394 a
677 3328 828 3408 κάλλιμος
852 3329 1068 3412 compositum
1092 3351 1164 3394 oum
1188 3331 1319 3396 omnino
1343 3330 1413 3416 nul·

312 3439 380 3504 lum
404 3441 531 3503 exstare
554 3437 708 3520 viderent,
732 3435 788 3500 alii
807 3434 1032 3502 Callimachum
1056 3432 1182 3522 (addita
1205 3435 1334 3520 quidem
1357 3440 1414 3501 aut

312 3567 355 3610 αιι
379 3547 436 3610 aut
457 3565 510 3608 -ne
528 3544 688 3628 particula
708 3542 748 3607 ad
768 3541 982 3627 supplendum
1002 3541 1144 3628 versum)
1164 3542 1413 3626 substituebant,

313 3657 370 3718 aut
394 3651 606 3718 Calliarclram
629 3649 899 3716 commendabant
923 3653 958 3712 ut
981 3647 1040 3714 Ed.
1064 3647 1204 3714 Meierus
1229 3651 1299 3730 [aut
1317 3649 1412 3715 01711-

311 3761 496 3844 ororpbancl.
539 3757 660 3824 Verum
680 3758 761 3822 satis
779 3761 890 3822 tamen
908 3757 1040 3820 firmant
1059 3755 1204 3820 codicum
1223 3755 1413 3822 memoriam

313 3870 346 3931 et
370 3866 613 3946 Ἀλκηςίμαρχος
636 3864 756 3928 factum
781 3863 821 3928 ab
845 3859 1042 3946 (ἀλκήςιμος)
1066 3859 1256 3942 Ἀλκήςιμος,
1280 3867 1313 3928 et
1335 3864 1413 3928 Τευ-

312 3973 444 4051 ξιμάρχη
469 3994 488 4034 a
511 3971 654 4050 τεύξιμος
677 3968 818 4034 ductum.
861 3964 923 4047 [Cf.
945 3965 1034 4031 Diar.
1058 3967 1156 4052 antiq.
1180 3963 1413 4035 stud'a1850

312 4103 341 4163 p.
365 4078 452 4158 335]

268 4187 490 4252 Καλλίνικος
511 4183 727 4250 Callinicus
741 4181 972 4270 (Cnnrnrcvs):
992 4204 1097 4268 senex,
1116 4183 1298 4250 Trinummi
1319 4205 1411 4248 versu
1432 4163 1435 4170 Ι

312 4291 433 4357 eodem.

270 4400 488 4465 Κάλλιππος
513 4397 717 4484 Callippus
741 4396 937 4485 (Cnnlrvs):
961 4421 1066 4480 senex,
1089 4399 1218 4464 ibidem.

270 4507 474 4586 Καλλιφῶν
498 4505 680 4589 Callipho
705 4503 881 4592 (Csn1r0):
905 4528 1000 4574 senex
1025 4505 1185 4574 Pseuduli.
