3294 5104
296 369 361 432 348
568 390 807 448 ovansmouas
832 391 1166 440 ononnroaoorcaa

295 549 434 611 aequora
459 529 605 616 Mylae'),
631 533 671 596 ad
694 533 787 596 illam
811 539 919 599 autem
943 535 1127 620 analogiam
1150 537 1327 602 formatum
1351 539 1438 621 apud

295 633 443 700 Servium
462 637 608 702 Danielis
632 639 666 702 in
685 639 765 704 Aen.
785 639 874 724 VIII,
894 642 973 706 682:
998 641 1089 706 ‘nam
1113 641 1291 730 (Agrippa)
1315 649 1349 709 et
1368 643 1440 709 Sex.

294 739 483 827 Pompeium
507 744 593 828 apud
616 745 760 811 llIoelas
784 748 854 831 ipsc
877 747 1021 814 devicit'.

385 869 412 934 7.
449 867 686 953 Recuperatam
719 876 752 936 et
783 873 997 939 ratiocinandi
1029 875 1261 959 probabilitate
1292 875 1371 940 satis
1403 881 1440 939 ut

294 975 410 1057 opinor
432 976 595 1041 firmatam
615 978 916 1045 Antamoenidcs
941 980 1079 1046 formam
1098 1004 1164 1046 non
1185 985 1362 1046 esttamen
1381 1005 1438 1046 cur

294 1079 447 1144 continuo
477 1081 517 1146 ab
546 1083 618 1167 ipsa
640 1083 748 1150 Plauti
775 1109 872 1151 manu
901 1091 1095 1170 repetamus.
1141 1088 1226 1154 Nam
1257 1088 1342 1153 bunc
1372 1097 1439 1152 non

295 1188 424 1250 brevem
448 1191 575 1253 tantum
599 1211 617 1254 ν
641 1192 786 1256 vocalem
810 1197 847 1258 ut
869 1195 903 1258 in
926 1193 1026 1259 Surus
1049 1195 1196 1278 scrrnbolu,
1220 1195 1274 1258 scd
1298 1195 1333 1258 in
1355 1215 1438 1260 suco

290 1293 412 1374 placata
435 1295 585 1361 Laslteles
612 1301 644 1360 et
672 1299 830 1380 parilibus
854 1301 953 1364 ctiam
976 1302 1108 1385 longam
1132 1305 1318 1366 constanter
1340 1323 1363 1366 a
1385 1303 1437 1367 lit-

221 1416 281 1457 vm
296 1403 365 1463 tera
388 1403 540 1467 extulisse
564 1425 636 1468 eum
659 1404 816 1472 librorum
840 1407 996 1471 memoria
1020 1409 1133 1472 suadet
1156 1412 1192 1472 nt
1215 1406 1396 1492 credamne,
1420 1431 1437 1472 e

294 1507 410 1592 quibus
438 1531 478 1574 ne
506 1510 731 1576 tenuissimum
760 1513 888 1596 quidem
911 1513 1083 1598 vestigium
1108 1515 1241 1579 memini
1265 1515 1350 1598 quod
1372 1537 1437 1579 non

295 1619 351 1678 aut
379 1615 419 1678 ad
443 1637 464 1680 0
488 1619 545 1680 aut
568 1615 608 1680 ad
630 1637 650 1698 p
673 1617 725 1681 vel
750 1620 761 1682 l
785 1620 979 1702 scripturam
1003 1625 1135 1703 spectet,
1158 1625 1227 1684 tum
1250 1622 1289 1685 dc
1313 1622 1439 1706 aliquot

294 1721 470 1804 vocabulis,
494 1724 527 1787 in
551 1722 601 1785 his
625 1722 664 1786 de
688 1724 798 1789 Mus-ia
821 1724 968 1790 Donatus
992 1725 1026 1789 in
1049 1725 1196 1809 Hecyrae
1220 1727 1244 1811 I,
1267 1731 1297 1810 2,
1321 1731 1351 1812 8,
1374 1729 1438 1812 ipsi

294 1833 417 1891 veteres
441 1831 645 1912 grammatici
671 1835 846 1913 testantur,
873 1835 943 1896 tum
966 1831 1102 1896 fortiore
1125 1833 1223 1896 ctiam
1247 1841 1439 1918 argumento

294 1955 332 1996 ea
354 1937 591 2012 nupovouocioc
615 1937 762 2021 exempla
785 1938 980 2020 persuadent
1002 1961 1084 2022 quae
1108 1939 1185 2004 alibi
1209 1939 1437 2024 insignivimus

294 2039 327 2102 in
350 2037 547 2105 Bacchidem
571 2063 599 2106 v.
626 2043 697 2107 129.
721 2043 801 2108 362:

427 2179 502 2246 Non
526 2182 630 2248 omnis
655 2183 971 2268 aetas,1mde,ludo
996 2187 1154 2253 conuenit.

426 2287 599 2373 Facictque
623 2291 785 2375 extemplo
810 2289 1011 2358 Crucisalum
1035 2315 1086 2358 mc
1110 2317 1148 2358 ex
1172 2293 1317 2360 Grusalo.

292 2447 360 2512 Nec
384 2449 595 2544 epigraphica
618 2454 827 2516 monumenta
847 2453 966 2517 saeculi
985 2452 1025 2518 ab
1045 2475 1075 2518 u.
1094 2476 1119 2518 c.
1139 2454 1268 2537 septimi
1287 2454 1385 2518 aliam
1404 2453 1438 2518 in

292 2561 418 2639 partem
451 2557 509 2621 ulli
542 2557 661 2621 indicio
695 2561 778 2624 sunt.
827 2559 942 2644 Itaque
975 2583 1106 2643 prorsus
1139 2583 1203 2626 non
1236 2560 1438 2642 haberemus,

294 2665 403 2726 utrum
426 2661 466 2726 ad
486 2661 577 2727 Accii
601 2669 659 2728 aut
681 2663 797 2730 Lucilii
822 2667 1048 2732 auctoritatem
1072 2689 1114 2732 an
1138 2668 1177 2732 ad
1199 2665 1365 2731 Sullanam
1389 2689 1438 2730 ae·

293 2772 394 2833 tatem
423 2791 465 2834 an
489 2772 529 2836 ad
553 2772 785 2856 imperatorum
810 2777 956 2857 tempora
979 2775 1068 2838 illam
1091 2795 1125 2838 oc
1147 2774 1342 2856 scripturam
1365 2795 1437 2837 cum

292 2876 401 2959 aliqua
433 2878 666 2960 probabilitate
694 2877 899 2963 referremus,
931 2881 994 2945 nisi
1022 2885 1129 2945 tamen
1158 2878 1280 2962 aliquid
1309 2879 1342 2942 in
1366 2901 1437 2943 earn

292 2984 515 3066 quaestionem
546 2985 627 3050 lucis
658 3009 675 3050 c
702 2986 880 3050 Moesorum
911 2989 1072 3052 mentione
1100 2986 1302 3050 redundaret.
1350 2985 1436 3061 Quos

293 3091 346 3173 qui
378 3089 438 3154 bac
468 3091 610 3156 nominis
640 3093 745 3156 forma
775 3091 899 3175 primus
928 3092 1012 3175 quod
1041 3114 1125 3156 nunc
1150 3092 1287 3156 sciamus
1311 3091 1437 3175 dixerit,

292 3217 350 3260 nce
374 3193 491 3261 Strabo
520 3201 571 3260 est
598 3221 655 3262 nec
685 3198 768 3260 libro
793 3196 957 3262 CXXXIV
988 3197 1114 3278 Livius,
1142 3198 1197 3261 scd
1229 3222 1248 3261 a
1277 3196 1436 3262 Strabone

292 3309 561 3369 commemoratus
581 3303 775 3366 Posidonius
794 3303 951 3388 Rhodius,
975 3327 1070 3389 quom
1094 3309 1223 3368 constat
1246 3305 1305 3368 sub
1329 3305 1435 3388 ipsum

293 3409 422 3472 initium
448 3411 567 3475 sacculi
593 3411 698 3474 octavi
719 3409 854 3474 llomam
879 3412 1014 3476 venisse.
1047 3411 1132 3476 Nam
1152 3412 1212 3476 etsi
1232 3408 1436 3474 aStrabonis

293 3540 352 3580 usu
372 3521 405 3580 et
423 3517 539 3582 notitia
555 3517 668 3582 Morcoi
686 3519 824 3582 formam
845 3540 977 3602 prorsus
992 3541 1061 3583 esse
1076 3517 1322 3584 abiudicandam
1337 3515 1436 3580 Bern'-

291 3622 433 3707 hardyus
457 3623 489 3687 in
514 3622 662 3706 Dionysii
686 3623 810 3707 Pcrieg.
835 3647 862 3687 v.
886 3625 1114 3704 3220e11suit,
1144 3623 1302 3687 rationem
1327 3627 1436 3686 tamen

291 3749 387 3814 aegre
412 3731 597 3814 perspicias,
621 3752 676 3795 cur
699 3751 764 3794 non
787 3730 930 3813 potuerit
953 3730 1007 3793 ille
1032 3751 1109 3794 suae
1129 3729 1246 3793 aetatis
1266 3731 1436 3792 consuctu-

291 3834 399 3901 ‹linem
422 3837 613 3920 Romanam,
637 3835 693 3900 ubi
716 3857 767 3900 res
791 3835 899 3918 ferret,
922 3857 995 3900 cum
1019 3835 1143 3900 Graeca
1166 3856 1372 3918 componere:
1402 3835 1437 3899 in

291 3963 355 4025 qua
374 3944 535 4006 sententia
554 3943 646 4006 video
666 3943 763 4006 ctiam
779 3941 975 4007 Meinekium
991 3965 1060 4006 esse
1076 3941 1203 4006 Vindio.
1219 3939 1326 4006 Strab.
1340 3964 1369 4025 p.
1385 3941 1436 4008 84.

291 4047 405 4132 Itaque
433 4071 505 4113 cum
530 4071 549 4112 a
572 4049 628 4113 lib.
651 4049 714 4114 VII
737 4071 768 4133 p.
792 4051 857 4114 295
881 4048 988 4114 vorbis
1011 4049 1274 4133 interpolationis
1298 4047 1436 4130 suspitio

291 4155 396 4219 omnis
420 4157 531 4239 procul
556 4155 706 4220 habenda
730 4157 781 4239 sit,
805 4156 900 4220 modo
924 4159 1011 4220 recte
1035 4155 1255 4238 distinguatur
1278 4154 1382 4218 oratio
1402 4153 1437 4216 in

291 4261 376 4326 hunc
401 4262 543 4327 modum:
572 4264 603 4328 ol
626 4263 735 4329 τοίνυν
758 4263 909 4341 ’Έλληνες
933 4263 1008 4327 τού(
1030 4283 1065 4328 τε
1091 4263 1185 4328 Γέτας
1210 4262 1336 4342 θρᾷκα(
1360 4259 1435 4322 ὑπε-

291 4368 456 4447 λάμβανον
479 4367 599 4452 (ᾤκουν
623 4368 655 4433 δ’
679 4367 738 4449 ἐφ’
760 4367 895 4446 ἑκάτερα
918 4373 976 4433 τοῦ
999 4368 1119 4446 Ἴετρου
1145 4369 1195 4432 καὶ
1219 4367 1309 4431 οὗτοι
1334 4367 1384 4430 καὶ
1404 4365 1434 4428 οἱ

293 4472 407 4551 Μυεοί,
436 4473 557 4558 Θρᾷκες
585 4457 678 4540 arrei
706 4475 756 4539 καὶ
784 4472 889 4561 αὐτοί)
917 4477 968 4540 καὶ
994 4476 1051 4542 obt
1075 4479 1134 4542 νῦν
1158 4475 1297 4540 Μοιεοὺε
1322 4475 1435 4538 καλοῦ-
