3274 5114
561 465 775 513 111111111111
799 464 984 512 ensurius.
1181 463 1186 470 ·
1280 443 1342 509 185

201 607 423 694 grammaticis
447 606 571 674 addidit
593 607 799 674 Foertsohius
823 631 853 694 p.
877 609 956 694 316,
985 606 1100 672 addere
1123 605 1232 690 potuit
1254 604 1341 670 Pris-

201 715 329 780 cianum
353 713 384 781 V
406 738 436 800 p.
463 717 535 802 160,
561 717 599 780 11
624 719 657 781 11
683 715 755 800 169,
780 717 820 781 ll
844 713 918 781 th.

654 921 896 1050 11111111.

290 1124 395 1192 Vnius
417 1125 510 1192 Accii
538 1126 624 1211 apud
647 1125 788 1192 Gellium
815 1125 1017 1210 testimonio,
1048 1125 1133 1210 quod
1162 1124 1258 1190 modo
1283 1125 1342 1190 sub

204 1233 373 1301 Annosco
397 1234 567 1340 ponebam,
589 1233 741 1300 innotuit.
786 1230 835 1302 Of.
858 1232 988 1320 Parerg.
1011 1255 1042 1321 p.
1069 1233 1140 1298 138.
1166 1233 1237 1298 147.

626 1503 665 1569 V.
705 1500 919 1570 ARTEMO.

293 1646 322 1712 A
353 1647 437 1712 servi
467 1645 598 1713 nomine
628 1645 828 1730 appellatam
857 1643 1003 1710 fabulam
1032 1666 1116 1728 esse,
1148 1666 1280 1728 prorsus
1309 1648 1346 1711 ut

203 1751 418 1839 ‘Epidicum'‚
454 1752 665 1818 ‘Pseudulum
673 1751 692 1836 ',
730 1749 920 1840 ‘Stichum’,
956 1750 1023 1816 dixi
1054 1737 1183 1836 Parerg.
1200 1759 1247 1836 p.
1273 1753 1345 1817 143.

203 1859 272 1926 Neo
293 1860 480 1945 infrequens
502 1859 536 1924 id
559 1879 676 1925 nomen
692 1857 823 1924 Graecis
846 1858 918 1942 fuit,
941 1879 979 1924 ao
1000 1879 1042 1922 ne
1065 1856 1191 1924 Latinis
1215 1858 1345 1944 quidem

202 1969 408 2053 inusitatum,
439 1972 476 2032 ut
503 1965 602 2032 Inscr.
625 1965 728 2050 Neap.
750 1966 848 2031 4164.
893 1965 957 2031 Pro
985 1987 1048 2050 quo
1077 1987 1133 2030 our
1156 1962 1345 2031 ‘Artemon'

202 2072 279 2162 (sic)
308 2075 466 2162 placuerit
489 2072 682 2157 editoribus,
709 2095 790 2138 sana
811 2073 897 2138 ratio
925 2073 1016 2138 nulla
1043 2072 1080 2137 111
1106 2075 1259 2157 promptu
1287 2077 1346 2140 est.

203 2181 290 2247 Nam
313 2180 399 2266 quod
421 2202 520 2246 unum
545 2177 711 2245 ‘Artemo'
734 2178 858 2245 formae
883 2179 1064 2264 exemplum
1088 2183 1194 2244 exstat
1216 2180 1251 2244 in
1264 2179 1345 2246 Bac·

203 2289 332 2356 chidum
356 2311 451 2354 versu
475 2287 549 2371 199,
572 2307 611 2350 ex
633 2307 672 2352 eo
694 2285 777 2352 nihil
801 2285 947 2372 profecto
970 2287 1179 2372 consequitur
1201 2286 1265 2352 nisi
1289 2309 1345 2370 po·

202 2398 304 2464 tuisse
332 2396 417 2462 hanc
444 2416 569 2479 quoque
592 2397 678 2458 recte
698 2393 794 2479 fingi,
824 2393 891 2466 sive
915 2413 986 2458 eam
1010 2415 1083 2458 cum
1106 2391 1228 2474 ἀρτάμη
1251 2415 1346 2458 voca-

202 2503 278 2568 bulo
302 2521 488 2584 compones,
520 2499 588 2564 sive
617 2497 865 2565 eDoriensium
894 2499 1033 2565 dialecto
1057 2503 1196 2584 repetes,
1228 2499 1346 2584 quibus

148 2679 158 2700 ,
202 2610 351 2690 Ἀρταμιε
374 2607 437 2671 fuit
459 2628 518 2692 pro
532 2606 677 2686 Ἄρτεμι(
701 2628 774 2672 cum
793 2605 866 2671 aliis
886 2606 1046 2672 similibus
1066 2607 1153 2692 apud
1167 2607 1346 2673 Ahrentem

204 2717 242 2782 de
264 2715 343 2782 Dor.
367 2713 441 2779 dial
465 2735 495 2798 p.
521 2713 584 2778 113
599 2735 666 2797 sqq.
712 2712 820 2796 Atque
849 2711 949 2778 etiam
976 2711 1217 2779 ‘Artemonem'
1244 2713 1346 2779 habes

202 2822 393 2889 Demaeneti
417 2841 548 2886 uxorem
571 2819 606 2883 in
619 2817 782 2898 Asinaria,
805 2840 871 2883 non
890 2817 1149 2884 ‘Artemonem'z
1171 2818 1251 2884 item
1274 2818 1346 2884 ‘Ar-

204 2925 305 2996 tema'
330 2927 429 2993 lnscr.
453 2917 556 3011 Neap.
578 2926 676 2992 4115.
721 2923 769 2992 Of.
792 2925 921 3012 Parerg.
944 2949 976 3011 p.
1001 2925 1065 2992 153
1080 2947 1126 3012 sq.

766 3101 779 3156 l

293 3213 408 3280 Festus
427 3235 458 3296 p.
473 3213 548 3296 305,
562 3213 619 3278 271
643 3211 894 3296 ‘superstites
917 3215 1017 3278 testes
1040 3216 1225 3298 praesentes
1249 3214 1346 3300 signi-

204 3325 289 3388 ficat.
325 3321 415 3387 cuius
438 3320 484 3384 rei
508 3317 732 3383 testimonium
755 3322 814 3402 est,
837 3318 923 3404 quod
946 3320 1175 3403 superstitibus
1199 3343 1346 3406 praesen·

205 3430 293 3494 tibus
316 3429 336 3510 1,
359 3427 444 3492 inter
467 3449 549 3512 quos
572 3425 794 3492 controuersia
816 3430 880 3510 est,
903 3425 1062 3491 uindicias
1086 3449 1211 3493 sumere
1234 3427 1346 3494 iuben·
1464 3435 1472 3450 ⁸

205 3541 267 3602 tur.
312 3532 445 3600 Plautus
468 3534 504 3601 in
526 3533 698 3600 Artimone
721 3529 805 3619 (sic):
1231 3513 1239 3538 ’

177 3685 179 3692 ’
248 3659 355 3726 Nune
392 3657 486 3725 mihi
521 3656 616 3724 licet
652 3655 807 3743 quiduis
844 3657 966 3742 loqui:
1002 3679 1111 3723 nemo
1143 3657 1206 3725 1111
1239 3659 1382 3725 adesto

1055 3764 1275 3850 superstes!

203 3892 296 3958 Adde
329 3891 476 3958 Servium
508 3891 543 3955 in
575 3891 655 3956 Aen.
683 3889 745 3974 111,
772 3890 854 3955 339:
891 3887 1106 3974 ‘superstes
1142 3893 1346 3974 praesentem

205 3996 394 4084 significat’,
413 3999 539 4064 adiecta
556 3997 716 4084 praetoris
734 3997 876 4063 formula
894 4019 975 4082 quae
994 4001 1044 4064 est
1058 3997 1143 4083 apud
1158 3995 1346 4066 Ciceronem

203 4128 263 4191 pro
286 4103 421 4171 Murena
446 4106 496 4192 12,
519 4106 571 4172 26.

612 4283 617 4291 =
758 4247 792 4301 ΙΙ,

293 4353 383 4422 Festi
406 4354 546 4441 epitome
569 4379 600 4442 p.
627 4357 698 4440 164,
715 4357 771 4422 121
798 4355 1078 4421 ε11111111111111111
1100 4355 1210 4439 grauis
1233 4354 1347 4440 nigris,

205 4485 267 4546 quo
291 4463 420 4529 coriarii
443 4467 589 4529 utuntur.
635 4487 655 4528 a
677 4487 760 4528 naue
784 4465 913 4528 ductum
938 4483 1070 4546 nomen,
1093 4461 1169 4546 quia
1190 4483 1346 4528 nauseam

205 4569 292 4655 facit,
315 4569 554 4655 permutatione
578 4587 600 4635 ’1
624 4573 657 4634 et
680 4568 718 4636 s.’
755 4567 844 4634 Haeo
868 4591 885 4634 e
909 4569 1027 4654 quibus
1050 4567 1138 4636 Festi
1161 4567 1269 4634 verbis
1293 4591 1345 4634 ex-
