<?xml version="1.0" encoding="UTF-8"?>
<!DOCTYPE html PUBLIC "-//W3C//DTD XHTML 1.0 Transitional//EN"
    "http://www.w3.org/TR/xhtml1/DTD/xhtml1-transitional.dtd">
<html xmlns="http://www.w3.org/1999/xhtml" xml:lang="en" lang="en">
 <head>
  <title>
</title>
<meta http-equiv="Content-Type" content="text/html;charset=utf-8" />
  <meta name='ocr-system' content='tesseract 3.04.00' />
  <meta name='ocr-capabilities' content='ocr_page ocr_carea ocr_par ocr_line ocrx_word'/>
</head>
<body>
  <div class='ocr_page' id='page_1' title='image "./fridericiritsch09wachgoog_0099.png"; bbox 0 0 3228 5098; ppageno 0'>
   <div class='ocr_carea' id='block_1_1' title="bbox 272 380 1075 476">
    <p class='ocr_par' dir='ltr' id='par_1_1' title="bbox 272 380 1075 476">
     <span class='ocr_line' id='line_1_1' title="bbox 272 380 1075 476; baseline 0.006 -34"><span class='ocrx_word' id='word_1_1' title='bbox 272 380 331 476; x_wconf 18' lang='lat'>⁴74</span> <span class='ocrx_word' id='word_1_2' title='bbox 632 396 1075 447; x_wconf 80' lang='lat' dir='ltr'>ero-emuroonurursnuus</span> 
     </span>
    </p>
   </div>
   <div class='ocr_carea' id='block_1_2' title="bbox 285 521 1481 3069">
    <p class='ocr_par' dir='ltr' id='par_1_2' title="bbox 285 521 1443 2660">
     <span class='ocr_line' id='line_1_2' title="bbox 287 521 1443 626; baseline 0.001 -21"><span class='ocrx_word' id='word_1_3' title='bbox 287 540 380 605; x_wconf 85' lang='lat' dir='ltr'>Briei</span> <span class='ocrx_word' id='word_1_4' title='bbox 400 562 475 606; x_wconf 88' lang='lat' dir='ltr'>vom</span> <span class='ocrx_word' id='word_1_5' title='bbox 501 539 550 604; x_wconf 89' lang='lat'>13.</span> <span class='ocrx_word' id='word_1_6' title='bbox 573 521 652 605; x_wconf 81' lang='lat' dir='ltr'>duni</span> <span class='ocrx_word' id='word_1_7' title='bbox 678 539 762 606; x_wconf 88' lang='lat'>1568</span> <span class='ocrx_word' id='word_1_8' title='bbox 787 564 860 626; x_wconf 85' lang='lat' dir='ltr'>eus,</span> <span class='ocrx_word' id='word_1_9' title='bbox 891 541 1074 626; x_wconf 78' lang='lat' dir='ltr'>iiberheupt</span> <span class='ocrx_word' id='word_1_10' title='bbox 1102 543 1157 607; x_wconf 92' lang='lat' dir='ltr'>der</span> <span class='ocrx_word' id='word_1_11' title='bbox 1179 543 1277 608; x_wconf 86' lang='lat' dir='ltr'>letzte</span> <span class='ocrx_word' id='word_1_12' title='bbox 1301 564 1443 608; x_wconf 89' lang='lat' dir='ltr'>unserer</span> 
     </span>
     <span class='ocr_line' id='line_1_3' title="bbox 287 643 1439 734; baseline 0.003 -23"><span class='ocrx_word' id='word_1_13' title='bbox 287 668 412 733; x_wconf 87' lang='lat' dir='ltr'>gauzen</span> <span class='ocrx_word' id='word_1_14' title='bbox 440 645 645 732; x_wconf 84' lang='lat' dir='ltr'>Sammlung,</span> <span class='ocrx_word' id='word_1_15' title='bbox 676 670 707 733; x_wconf 93' lang='lat' dir='ltr'>p.</span> <span class='ocrx_word' id='word_1_16' title='bbox 731 647 807 713; x_wconf 88' lang='grc'><strong>545.</strong></span> <span class='ocrx_word' id='word_1_17' title='bbox 856 647 904 712; x_wconf 79' lang='lat' dir='ltr'>Er</span> <span class='ocrx_word' id='word_1_18' title='bbox 930 649 1068 734; x_wconf 85' lang='lat' dir='ltr'>beginnt</span> <span class='ocrx_word' id='word_1_19' title='bbox 1096 648 1156 714; x_wconf 90' lang='lat' dir='ltr'>mit</span> <span class='ocrx_word' id='word_1_20' title='bbox 1184 643 1289 714; x_wconf 86' lang='lat' dir='ltr'>eiriem</span> <span class='ocrx_word' id='word_1_21' title='bbox 1317 649 1439 715; x_wconf 73' lang='grc'><strong>616010-</strong></span> 
     </span>
     <span class='ocr_line' id='line_1_4' title="bbox 287 753 1438 845; baseline 0.003 -26"><span class='ocrx_word' id='word_1_22' title='bbox 287 755 419 820; x_wconf 82' lang='lat' dir='ltr'>wunseh</span> <span class='ocrx_word' id='word_1_23' title='bbox 443 777 482 819; x_wconf 87' lang='lat' dir='ltr'>zu</span> <span class='ocrx_word' id='word_1_24' title='bbox 505 755 562 819; x_wconf 91' lang='lat' dir='ltr'>der</span> <span class='ocrx_word' id='word_1_25' title='bbox 584 754 708 821; x_wconf 83' lang='lat' dir='ltr'>Geburt</span> <span class='ocrx_word' id='word_1_26' title='bbox 731 756 820 820; x_wconf 88' lang='lat' dir='ltr'>eines</span> <span class='ocrx_word' id='word_1_27' title='bbox 845 753 1018 820; x_wconf 81' lang='lat' dir='ltr'>Sbbnlcius</span> <span class='ocrx_word' id='word_1_28' title='bbox 1042 753 1141 841; x_wconf 90' lang='lat' dir='ltr'>(deun</span> <span class='ocrx_word' id='word_1_29' title='bbox 1160 757 1323 841; x_wconf 86' lang='lat' dir='ltr'>Oporiuue</span> <span class='ocrx_word' id='word_1_30' title='bbox 1347 755 1438 845; x_wconf 85' lang='lat' dir='ltr'>(geb.</span> 
     </span>
     <span class='ocr_line' id='line_1_5' title="bbox 290 859 1437 950; baseline 0.003 -25"><span class='ocrx_word' id='word_1_31' title='bbox 290 859 388 947; x_wconf 85' lang='grc'><strong>1501)</strong></span> <span class='ocrx_word' id='word_1_32' title='bbox 411 861 502 934; x_wconf 79' lang='lat' dir='ltr'>hatte</span> <span class='ocrx_word' id='word_1_33' title='bbox 526 883 568 926; x_wconf 88' lang='lat' dir='ltr'>au</span> <span class='ocrx_word' id='word_1_34' title='bbox 591 861 659 926; x_wconf 89' lang='lat' dir='ltr'>drei</span> <span class='ocrx_word' id='word_1_35' title='bbox 682 862 809 927; x_wconf 84' lang='lat' dir='ltr'>Fraueu</span> <span class='ocrx_word' id='word_1_36' title='bbox 831 862 1034 948; x_wconf 83' lang='lat' dir='ltr'>keineswegs</span> <span class='ocrx_word' id='word_1_37' title='bbox 1063 883 1173 948; x_wconf 78' lang='lat' dir='ltr'>genug</span> <span class='ocrx_word' id='word_1_38' title='bbox 1194 865 1333 950; x_wconf 83' lang='lat' dir='ltr'>gehebt,</span> <span class='ocrx_word' id='word_1_39' title='bbox 1360 887 1437 931; x_wconf 86' lang='grc'><strong>000-</strong></span> 
     </span>
     <span class='ocr_line' id='line_1_6' title="bbox 287 967 1438 1038; baseline 0.004 -5"><span class='ocrx_word' id='word_1_40' title='bbox 287 969 365 1033; x_wconf 85' lang='lat' dir='ltr'>doru</span> <span class='ocrx_word' id='word_1_41' title='bbox 391 967 474 1033; x_wconf 83' lang='grc'><strong>1561</strong></span> <span class='ocrx_word' id='word_1_42' title='bbox 499 969 549 1034; x_wconf 84' lang='grc'>010</span> <span class='ocrx_word' id='word_1_43' title='bbox 574 969 676 1034; x_wconf 87' lang='lat' dir='ltr'>vierte</span> <span class='ocrx_word' id='word_1_44' title='bbox 694 968 881 1034; x_wconf 88' lang='lat' dir='ltr'>Bonifacius</span> <span class='ocrx_word' id='word_1_45' title='bbox 896 967 1107 1035; x_wconf 85' lang='lat' dir='ltr'>Amerbech&#39;s</span> <span class='ocrx_word' id='word_1_46' title='bbox 1122 969 1265 1036; x_wconf 86' lang='lat' dir='ltr'>Tochter</span> <span class='ocrx_word' id='word_1_47' title='bbox 1277 971 1438 1038; x_wconf 81' lang='lat' dir='ltr'>Faustina</span> 
     </span>
     <span class='ocr_line' id='line_1_7' title="bbox 287 1073 1435 1162; baseline 0.004 -23"><span class='ocrx_word' id='word_1_48' title='bbox 287 1073 517 1162; x_wconf 84' lang='lat' dir='ltr'>geheirethet),</span> <span class='ocrx_word' id='word_1_49' title='bbox 549 1075 614 1140; x_wconf 90' lang='lat' dir='ltr'>und</span> <span class='ocrx_word' id='word_1_50' title='bbox 647 1075 737 1142; x_wconf 73' lang='lat' dir='ltr'>lehre</span> <span class='ocrx_word' id='word_1_51' title='bbox 767 1076 855 1141; x_wconf 81' lang='lat' dir='ltr'>deun</span> <span class='ocrx_word' id='word_1_52' title='bbox 887 1077 958 1141; x_wconf 88' lang='lat' dir='ltr'>also</span> <span class='ocrx_word' id='word_1_53' title='bbox 991 1077 1072 1142; x_wconf 87' lang='lat' dir='ltr'>fort:</span> <span class='ocrx_word' id='word_1_54' title='bbox 1110 1075 1189 1142; x_wconf 77' lang='lat' dir='ltr'>‘Sed</span> <span class='ocrx_word' id='word_1_55' title='bbox 1221 1079 1302 1144; x_wconf 89' lang='lat' dir='ltr'>heus</span> <span class='ocrx_word' id='word_1_56' title='bbox 1330 1083 1366 1144; x_wconf 95' lang='lat' dir='ltr'>tu</span> <span class='ocrx_word' id='word_1_57' title='bbox 1394 1080 1435 1144; x_wconf 87' lang='lat' dir='ltr'>de</span> 
     </span>
     <span class='ocr_line' id='line_1_8' title="bbox 287 1183 1435 1272; baseline 0.003 -24"><span class='ocrx_word' id='word_1_58' title='bbox 287 1183 404 1248; x_wconf 78' lang='lat' dir='ltr'>Plauto</span> <span class='ocrx_word' id='word_1_59' title='bbox 427 1186 550 1265; x_wconf 88' lang='lat' dir='ltr'>nostro,</span> <span class='ocrx_word' id='word_1_60' title='bbox 574 1206 669 1268; x_wconf 91' lang='lat' dir='ltr'>quem</span> <span class='ocrx_word' id='word_1_61' title='bbox 693 1183 865 1270; x_wconf 85' lang='lat' dir='ltr'>aliquando</span> <span class='ocrx_word' id='word_1_62' title='bbox 885 1206 958 1249; x_wconf 91' lang='lat' dir='ltr'>cum</span> <span class='ocrx_word' id='word_1_63' title='bbox 977 1185 1118 1268; x_wconf 86' lang='lat' dir='ltr'>epistola</span> <span class='ocrx_word' id='word_1_64' title='bbox 1136 1185 1176 1250; x_wconf 85' lang='lat' dir='ltr'>ad</span> <span class='ocrx_word' id='word_1_65' title='bbox 1195 1189 1227 1250; x_wconf 88' lang='lat' dir='ltr'>te</span> <span class='ocrx_word' id='word_1_66' title='bbox 1247 1187 1331 1270; x_wconf 88' lang='lat' dir='ltr'>misi,</span> <span class='ocrx_word' id='word_1_67' title='bbox 1355 1187 1435 1272; x_wconf 90' lang='lat' dir='ltr'>qnid</span> 
     </span>
     <span class='ocr_line' id='line_1_9' title="bbox 286 1291 1432 1378; baseline 0.003 -24"><span class='ocrx_word' id='word_1_68' title='bbox 286 1291 345 1355; x_wconf 81' lang='lat' dir='ltr'>fit?</span> <span class='ocrx_word' id='word_1_69' title='bbox 370 1293 427 1354; x_wconf 84' lang='lat' dir='ltr'>sut</span> <span class='ocrx_word' id='word_1_70' title='bbox 449 1291 504 1354; x_wconf 83' lang='lat' dir='ltr'>rbi</span> <span class='ocrx_word' id='word_1_71' title='bbox 527 1291 584 1355; x_wconf 92' lang='lat' dir='ltr'>ille</span> <span class='ocrx_word' id='word_1_72' title='bbox 608 1291 791 1358; x_wconf 75' lang='lat' dir='ltr'>delitescit?</span> <span class='ocrx_word' id='word_1_73' title='bbox 837 1291 913 1358; x_wconf 91' lang='lat' dir='ltr'>Non</span> <span class='ocrx_word' id='word_1_74' title='bbox 936 1291 1036 1376; x_wconf 90' lang='lat' dir='ltr'>pudet</span> <span class='ocrx_word' id='word_1_75' title='bbox 1058 1295 1091 1356; x_wconf 90' lang='lat' dir='ltr'>te</span> <span class='ocrx_word' id='word_1_76' title='bbox 1114 1296 1151 1357; x_wconf 83' lang='lat' dir='ltr'>vt</span> <span class='ocrx_word' id='word_1_77' title='bbox 1172 1315 1269 1377; x_wconf 90' lang='lat' dir='ltr'>spero</span> <span class='ocrx_word' id='word_1_78' title='bbox 1291 1295 1432 1378; x_wconf 90' lang='lat' dir='ltr'>compel-</span> 
     </span>
     <span class='ocr_line' id='line_1_10' title="bbox 286 1397 1432 1485; baseline 0.003 -24"><span class='ocrx_word' id='word_1_79' title='bbox 286 1397 420 1464; x_wconf 76' lang='lat' dir='ltr'>lationis</span> <span class='ocrx_word' id='word_1_80' title='bbox 443 1401 584 1464; x_wconf 82' lang='lat' dir='ltr'>nostrae.</span> <span class='ocrx_word' id='word_1_81' title='bbox 629 1399 742 1485; x_wconf 89' lang='lat' dir='ltr'>Neque</span> <span class='ocrx_word' id='word_1_82' title='bbox 766 1422 817 1465; x_wconf 89' lang='lat' dir='ltr'>me</span> <span class='ocrx_word' id='word_1_83' title='bbox 841 1421 957 1484; x_wconf 81' lang='lat' dir='ltr'>operes</span> <span class='ocrx_word' id='word_1_84' title='bbox 980 1399 1075 1463; x_wconf 84' lang='lat' dir='ltr'>datae</span> <span class='ocrx_word' id='word_1_85' title='bbox 1099 1399 1198 1485; x_wconf 86' lang='lat' dir='ltr'>piget,</span> <span class='ocrx_word' id='word_1_86' title='bbox 1221 1401 1432 1484; x_wconf 81' lang='lat' dir='ltr'>quantumuis</span> 
     </span>
     <span class='ocr_line' id='line_1_11' title="bbox 286 1505 1432 1592; baseline 0.002 -22"><span class='ocrx_word' id='word_1_87' title='bbox 286 1505 369 1570; x_wconf 84' lang='lat' dir='ltr'>alise</span> <span class='ocrx_word' id='word_1_88' title='bbox 397 1505 534 1572; x_wconf 91' lang='lat' dir='ltr'>aliorum</span> <span class='ocrx_word' id='word_1_89' title='bbox 562 1507 747 1590; x_wconf 79' lang='lat' dir='ltr'>praeclarae</span> <span class='ocrx_word' id='word_1_90' title='bbox 776 1507 868 1592; x_wconf 86' lang='lat' dir='ltr'>quasi</span> <span class='ocrx_word' id='word_1_91' title='bbox 897 1506 1080 1572; x_wconf 76' lang='lat' dir='ltr'><strong>curationes</strong></span> <span class='ocrx_word' id='word_1_92' title='bbox 1112 1507 1281 1572; x_wconf 88' lang='lat' dir='ltr'>vulnerum</span> <span class='ocrx_word' id='word_1_93' title='bbox 1311 1507 1345 1572; x_wconf 90' lang='lat' dir='ltr'>in</span> <span class='ocrx_word' id='word_1_94' title='bbox 1374 1507 1432 1573; x_wconf 90' lang='lat' dir='ltr'>ille</span> 
     </span>
     <span class='ocr_line' id='line_1_12' title="bbox 286 1613 1432 1698; baseline 0.004 -21"><span class='ocrx_word' id='word_1_95' title='bbox 286 1615 417 1678; x_wconf 88' lang='lat' dir='ltr'>auctore</span> <span class='ocrx_word' id='word_1_96' title='bbox 440 1617 577 1694; x_wconf 86' lang='lat' dir='ltr'>exstent,</span> <span class='ocrx_word' id='word_1_97' title='bbox 601 1619 635 1679; x_wconf 87' lang='lat' dir='ltr'>et</span> <span class='ocrx_word' id='word_1_98' title='bbox 657 1637 844 1680; x_wconf 87' lang='lat' dir='ltr'>accessurae</span> <span class='ocrx_word' id='word_1_99' title='bbox 868 1613 967 1680; x_wconf 83' lang='lat' dir='ltr'>etism</span> <span class='ocrx_word' id='word_1_100' title='bbox 991 1613 1143 1698; x_wconf 85' lang='lat' dir='ltr'>deinceps</span> <span class='ocrx_word' id='word_1_101' title='bbox 1162 1636 1233 1678; x_wconf 85' lang='lat' dir='ltr'>ease</span> <span class='ocrx_word' id='word_1_102' title='bbox 1251 1614 1432 1682; x_wconf 83' lang='lat' dir='ltr'>videantur.</span> 
     </span>
     <span class='ocr_line' id='line_1_13' title="bbox 286 1719 1432 1807; baseline 0.004 -24"><span class='ocrx_word' id='word_1_103' title='bbox 286 1719 348 1784; x_wconf 87' lang='lat' dir='ltr'>Est</span> <span class='ocrx_word' id='word_1_104' title='bbox 377 1720 462 1784; x_wconf 90' lang='lat' dir='ltr'>euim</span> <span class='ocrx_word' id='word_1_105' title='bbox 490 1743 625 1806; x_wconf 87' lang='lat' dir='ltr'>campus</span> <span class='ocrx_word' id='word_1_106' title='bbox 649 1722 725 1807; x_wconf 87' lang='lat' dir='ltr'>iste,</span> <span class='ocrx_word' id='word_1_107' title='bbox 757 1721 791 1785; x_wconf 90' lang='lat' dir='ltr'>in</span> <span class='ocrx_word' id='word_1_108' title='bbox 823 1743 919 1806; x_wconf 90' lang='lat' dir='ltr'>quem</span> <span class='ocrx_word' id='word_1_109' title='bbox 951 1742 1119 1786; x_wconf 78' lang='lat' dir='ltr'>excurrere</span> <span class='ocrx_word' id='word_1_110' title='bbox 1151 1721 1258 1805; x_wconf 86' lang='lat' dir='ltr'>pessit</span> <span class='ocrx_word' id='word_1_111' title='bbox 1289 1722 1432 1788; x_wconf 87' lang='lat' dir='ltr'>studium</span> 
     </span>
     <span class='ocr_line' id='line_1_14' title="bbox 286 1827 1431 1914; baseline 0.002 -22"><span class='ocrx_word' id='word_1_112' title='bbox 286 1827 475 1912; x_wconf 74' lang='lat' dir='ltr'>diligentiae</span> <span class='ocrx_word' id='word_1_113' title='bbox 501 1828 672 1894; x_wconf 87' lang='lat' dir='ltr'>infinitum.</span> <span class='ocrx_word' id='word_1_114' title='bbox 720 1827 813 1904; x_wconf 78' lang='lat' dir='ltr'>Quod</span> <span class='ocrx_word' id='word_1_115' title='bbox 837 1829 865 1893; x_wconf 88' lang='lat' dir='ltr'>si</span> <span class='ocrx_word' id='word_1_116' title='bbox 888 1828 973 1892; x_wconf 87' lang='lat' dir='ltr'>ferte</span> <span class='ocrx_word' id='word_1_117' title='bbox 996 1827 1057 1891; x_wconf 92' lang='lat' dir='ltr'>tibi</span> <span class='ocrx_word' id='word_1_118' title='bbox 1080 1849 1183 1912; x_wconf 90' lang='lat' dir='ltr'>neque</span> <span class='ocrx_word' id='word_1_119' title='bbox 1207 1831 1431 1914; x_wconf 80' lang='lat' dir='ltr'>renatusque</span> 
     </span>
     <span class='ocr_line' id='line_1_15' title="bbox 285 1933 1433 2019; baseline 0.003 -22"><span class='ocrx_word' id='word_1_120' title='bbox 285 1933 367 1998; x_wconf 89' lang='lat' dir='ltr'>libet</span> <span class='ocrx_word' id='word_1_121' title='bbox 391 1957 484 2010; x_wconf 25' lang='lat' dir='ltr'>&#39;meas</span> <span class='ocrx_word' id='word_1_122' title='bbox 514 1934 756 2001; x_wconf 77' lang='lat' dir='ltr'>lucubrationes</span> <span class='ocrx_word' id='word_1_123' title='bbox 781 1933 1004 2018; x_wconf 83' lang='lat' dir='ltr'>exprimendae</span> <span class='ocrx_word' id='word_1_124' title='bbox 1027 1933 1117 2018; x_wconf 82' lang='lat' dir='ltr'>typis</span> <span class='ocrx_word' id='word_1_125' title='bbox 1140 1956 1265 2018; x_wconf 85' lang='lat' dir='ltr'>curare,</span> <span class='ocrx_word' id='word_1_126' title='bbox 1292 1935 1358 2019; x_wconf 87' lang='lat' dir='ltr'>fae,</span> <span class='ocrx_word' id='word_1_127' title='bbox 1385 1937 1433 2000; x_wconf 92' lang='lat' dir='ltr'>mi</span> 
     </span>
     <span class='ocr_line' id='line_1_16' title="bbox 287 2037 1432 2130; baseline 0.002 -24"><span class='ocrx_word' id='word_1_128' title='bbox 287 2040 429 2125; x_wconf 89' lang='lat' dir='ltr'>Oporiue</span> <span class='ocrx_word' id='word_1_129' title='bbox 457 2037 567 2126; x_wconf 86' lang='lat' dir='ltr'>(facile</span> <span class='ocrx_word' id='word_1_130' title='bbox 596 2039 680 2106; x_wconf 88' lang='lat' dir='ltr'>enim</span> <span class='ocrx_word' id='word_1_131' title='bbox 708 2044 742 2104; x_wconf 89' lang='lat' dir='ltr'>et</span> <span class='ocrx_word' id='word_1_132' title='bbox 768 2040 908 2106; x_wconf 86' lang='lat' dir='ltr'>libenter</span> <span class='ocrx_word' id='word_1_133' title='bbox 936 2041 1035 2105; x_wconf 89' lang='lat' dir='ltr'>istam</span> <span class='ocrx_word' id='word_1_134' title='bbox 1058 2039 1120 2105; x_wconf 91' lang='lat' dir='ltr'>tibi</span> <span class='ocrx_word' id='word_1_135' title='bbox 1144 2041 1271 2106; x_wconf 83' lang='lat' dir='ltr'>veniam</span> <span class='ocrx_word' id='word_1_136' title='bbox 1294 2042 1432 2130; x_wconf 59' lang='lat' dir='ltr'>damus)</span> 
     </span>
     <span class='ocr_line' id='line_1_17' title="bbox 286 2138 1432 2232; baseline 0.003 -20"><span class='ocrx_word' id='word_1_137' title='bbox 286 2151 322 2212; x_wconf 82' lang='lat' dir='ltr'>vt</span> <span class='ocrx_word' id='word_1_138' title='bbox 340 2147 424 2213; x_wconf 91' lang='lat' dir='ltr'>liber</span> <span class='ocrx_word' id='word_1_139' title='bbox 442 2148 483 2213; x_wconf 86' lang='lat' dir='ltr'>ad</span> <span class='ocrx_word' id='word_1_140' title='bbox 502 2169 553 2212; x_wconf 90' lang='lat' dir='ltr'>me</span> <span class='ocrx_word' id='word_1_141' title='bbox 572 2138 692 2230; x_wconf 87' lang='lat' dir='ltr'>redeat,</span> <span class='ocrx_word' id='word_1_142' title='bbox 715 2147 770 2232; x_wconf 91' lang='lat' dir='ltr'>qui</span> <span class='ocrx_word' id='word_1_143' title='bbox 790 2170 878 2212; x_wconf 84' lang='lat' dir='ltr'>meas</span> <span class='ocrx_word' id='word_1_144' title='bbox 897 2147 1079 2213; x_wconf 76' lang='lat' dir='ltr'>notationes</span> <span class='ocrx_word' id='word_1_145' title='bbox 1098 2147 1298 2228; x_wconf 68' lang='lat' dir='ltr'>&amp;exeruerunt</span> <span class='ocrx_word' id='word_1_146' title='bbox 1316 2148 1432 2216; x_wconf 86' lang='lat' dir='ltr'>habet:</span> 
     </span>
     <span class='ocr_line' id='line_1_18' title="bbox 285 2251 1433 2339; baseline 0.003 -20"><span class='ocrx_word' id='word_1_147' title='bbox 285 2258 321 2319; x_wconf 88' lang='lat' dir='ltr'>vt</span> <span class='ocrx_word' id='word_1_148' title='bbox 345 2253 460 2319; x_wconf 87' lang='lat' dir='ltr'>saltem</span> <span class='ocrx_word' id='word_1_149' title='bbox 483 2251 637 2319; x_wconf 89' lang='lat' dir='ltr'>intuendo</span> <span class='ocrx_word' id='word_1_150' title='bbox 661 2253 748 2318; x_wconf 90' lang='lat' dir='ltr'>hunc</span> <span class='ocrx_word' id='word_1_151' title='bbox 766 2273 827 2338; x_wconf 83' lang='lat' dir='ltr'>ego</span> <span class='ocrx_word' id='word_1_152' title='bbox 846 2253 1010 2319; x_wconf 88' lang='lat' dir='ltr'>interdum</span> <span class='ocrx_word' id='word_1_153' title='bbox 1029 2275 1081 2318; x_wconf 92' lang='lat' dir='ltr'>me</span> <span class='ocrx_word' id='word_1_154' title='bbox 1100 2253 1264 2339; x_wconf 86' lang='lat' dir='ltr'>delectem,</span> <span class='ocrx_word' id='word_1_155' title='bbox 1288 2257 1338 2321; x_wconf 80' lang='lat' dir='ltr'>vel</span> <span class='ocrx_word' id='word_1_156' title='bbox 1358 2279 1433 2322; x_wconf 87' lang='lat' dir='ltr'>mea</span> 
     </span>
     <span class='ocr_line' id='line_1_19' title="bbox 285 2358 1431 2444; baseline 0.005 -20"><span class='ocrx_word' id='word_1_157' title='bbox 285 2359 447 2426; x_wconf 82' lang='lat' dir='ltr'>industrie</span> <span class='ocrx_word' id='word_1_158' title='bbox 468 2361 610 2444; x_wconf 83' lang='lat' dir='ltr'>laetans,</span> <span class='ocrx_word' id='word_1_159' title='bbox 629 2359 681 2424; x_wconf 88' lang='lat' dir='ltr'>vel</span> <span class='ocrx_word' id='word_1_160' title='bbox 701 2358 779 2444; x_wconf 90' lang='lat' dir='ltr'>quid</span> <span class='ocrx_word' id='word_1_161' title='bbox 798 2359 855 2424; x_wconf 85' lang='lat' dir='ltr'>elii</span> <span class='ocrx_word' id='word_1_162' title='bbox 874 2359 1012 2425; x_wconf 85' lang='lat' dir='ltr'>fecerint</span> <span class='ocrx_word' id='word_1_163' title='bbox 1029 2360 1194 2425; x_wconf 79' lang='lat' dir='ltr'>diuersum</span> <span class='ocrx_word' id='word_1_164' title='bbox 1212 2361 1431 2430; x_wconf 81' lang='lat' dir='ltr'>considerans.</span> 
     </span>
     <span class='ocr_line' id='line_1_20' title="bbox 286 2464 1432 2550; baseline 0.004 -19"><span class='ocrx_word' id='word_1_165' title='bbox 286 2464 348 2531; x_wconf 84' lang='lat' dir='ltr'>Sed</span> <span class='ocrx_word' id='word_1_166' title='bbox 382 2466 520 2550; x_wconf 84' lang='lat' dir='ltr'>exprimi</span> <span class='ocrx_word' id='word_1_167' title='bbox 551 2470 666 2530; x_wconf 84' lang='lat' dir='ltr'>nostre</span> <span class='ocrx_word' id='word_1_168' title='bbox 698 2487 776 2530; x_wconf 83' lang='lat' dir='ltr'>seue</span> <span class='ocrx_word' id='word_1_169' title='bbox 808 2465 884 2530; x_wconf 85' lang='lat' dir='ltr'>istic</span> <span class='ocrx_word' id='word_1_170' title='bbox 916 2465 1022 2532; x_wconf 89' lang='lat' dir='ltr'>velim.</span> <span class='ocrx_word' id='word_1_171' title='bbox 1071 2467 1189 2534; x_wconf 84' lang='lat' dir='ltr'>&#39;Petam</span> <span class='ocrx_word' id='word_1_172' title='bbox 1220 2472 1330 2534; x_wconf 82' lang='lat' dir='ltr'>eutem</span> <span class='ocrx_word' id='word_1_173' title='bbox 1361 2493 1432 2536; x_wconf 91' lang='lat' dir='ltr'>rem</span> 
     </span>
     <span class='ocr_line' id='line_1_21' title="bbox 286 2571 1282 2660; baseline 0.002 -22"><span class='ocrx_word' id='word_1_174' title='bbox 286 2573 440 2657; x_wconf 88' lang='lat' dir='ltr'>permitto</span> <span class='ocrx_word' id='word_1_175' title='bbox 463 2576 519 2638; x_wconf 90' lang='lat' dir='ltr'>tuo</span> <span class='ocrx_word' id='word_1_176' title='bbox 543 2573 688 2639; x_wconf 83' lang='lat' dir='ltr'>arbitrio.</span> <span class='ocrx_word' id='word_1_177' title='bbox 733 2571 830 2638; x_wconf 90' lang='lat' dir='ltr'>Modo</span> <span class='ocrx_word' id='word_1_178' title='bbox 853 2573 936 2638; x_wconf 91' lang='lat' dir='ltr'>liber</span> <span class='ocrx_word' id='word_1_179' title='bbox 959 2573 1039 2638; x_wconf 91' lang='lat' dir='ltr'>mihi</span> <span class='ocrx_word' id='word_1_180' title='bbox 1061 2596 1127 2639; x_wconf 93' lang='grc'>000</span> <span class='ocrx_word' id='word_1_181' title='bbox 1149 2574 1282 2660; x_wconf 67' lang='lat' dir='ltr'>pereat?</span> 
     </span>
    </p>

    <p class='ocr_par' dir='ltr' id='par_1_3' title="bbox 286 2678 1481 3069">
     <span class='ocr_line' id='line_1_22' title="bbox 375 2678 1432 2766; baseline 0.004 -20"><span class='ocrx_word' id='word_1_182' title='bbox 375 2679 453 2747; x_wconf 81' lang='lat' dir='ltr'>Men</span> <span class='ocrx_word' id='word_1_183' title='bbox 480 2679 566 2746; x_wconf 82' lang='lat' dir='ltr'>nieht</span> <span class='ocrx_word' id='word_1_184' title='bbox 593 2703 652 2746; x_wconf 88' lang='lat' dir='ltr'>aue</span> <span class='ocrx_word' id='word_1_185' title='bbox 680 2679 790 2764; x_wconf 86' lang='lat' dir='ltr'>aliem,</span> <span class='ocrx_word' id='word_1_186' title='bbox 814 2678 1020 2746; x_wconf 80' lang='lat' dir='ltr'>Camerarius</span> <span class='ocrx_word' id='word_1_187' title='bbox 1043 2681 1102 2746; x_wconf 87' lang='lat' dir='ltr'>hst</span> <span class='ocrx_word' id='word_1_188' title='bbox 1124 2705 1173 2766; x_wconf 87' lang='lat' dir='ltr'>ee,</span> <span class='ocrx_word' id='word_1_189' title='bbox 1195 2685 1281 2748; x_wconf 79' lang='lat' dir='ltr'>trote</span> <span class='ocrx_word' id='word_1_190' title='bbox 1304 2683 1432 2750; x_wconf 88' lang='lat' dir='ltr'>theolo-</span> 
     </span>
     <span class='ocr_line' id='line_1_23' title="bbox 286 2785 1431 2874; baseline 0.003 -22"><span class='ocrx_word' id='word_1_191' title='bbox 286 2787 556 2874; x_wconf 81' lang='lat' dir='ltr'>giseb-frommer</span> <span class='ocrx_word' id='word_1_192' title='bbox 585 2785 755 2870; x_wconf 84' lang='lat' dir='ltr'>Vorsiitze,</span> <span class='ocrx_word' id='word_1_193' title='bbox 788 2787 871 2852; x_wconf 93' lang='lat' dir='ltr'>doeh</span> <span class='ocrx_word' id='word_1_194' title='bbox 903 2787 996 2852; x_wconf 88' lang='lat' dir='ltr'>nicht</span> <span class='ocrx_word' id='word_1_195' title='bbox 1031 2788 1111 2852; x_wconf 78' lang='lat' dir='ltr'>tiber</span> <span class='ocrx_word' id='word_1_196' title='bbox 1147 2787 1217 2854; x_wconf 87' lang='lat' dir='ltr'>sich</span> <span class='ocrx_word' id='word_1_197' title='bbox 1253 2791 1431 2874; x_wconf 86' lang='lat' dir='ltr'>vermocbt,</span> 
     </span>
     <span class='ocr_line' id='line_1_24' title="bbox 286 2894 1481 2980; baseline 0.003 -21"><span class='ocrx_word' id='word_1_198' title='bbox 286 2895 392 2960; x_wconf 84' lang='lat' dir='ltr'>seiner</span> <span class='ocrx_word' id='word_1_199' title='bbox 415 2895 504 2959; x_wconf 83' lang='lat' dir='ltr'>alten</span> <span class='ocrx_word' id='word_1_200' title='bbox 526 2894 734 2960; x_wconf 87' lang='lat' dir='ltr'>heiduieeben</span> <span class='ocrx_word' id='word_1_201' title='bbox 749 2894 969 2959; x_wconf 86' lang='lat' dir='ltr'>Plautuelicbe</span> <span class='ocrx_word' id='word_1_202' title='bbox 992 2914 1074 2978; x_wconf 82' lang='lat' dir='ltr'>genn</span> <span class='ocrx_word' id='word_1_203' title='bbox 1097 2899 1213 2961; x_wconf 89' lang='lat' dir='ltr'>uutreu</span> <span class='ocrx_word' id='word_1_204' title='bbox 1236 2919 1274 2961; x_wconf 91' lang='lat' dir='ltr'>zu</span> <span class='ocrx_word' id='word_1_205' title='bbox 1293 2898 1431 2980; x_wconf 88' lang='lat' dir='ltr'>werden,</span> <span class='ocrx_word' id='word_1_206' title='bbox 1475 2901 1481 2912; x_wconf 83' lang='lat'>&#39;</span> 
     </span>
     <span class='ocr_line' id='line_1_25' title="bbox 286 3000 1428 3069; baseline 0.003 -3"><span class='ocrx_word' id='word_1_207' title='bbox 286 3001 425 3066; x_wconf 87' lang='lat' dir='ltr'>scudem</span> <span class='ocrx_word' id='word_1_208' title='bbox 453 3001 512 3066; x_wconf 88' lang='lat' dir='ltr'>hat</span> <span class='ocrx_word' id='word_1_209' title='bbox 539 3000 573 3065; x_wconf 91' lang='lat' dir='ltr'>in</span> <span class='ocrx_word' id='word_1_210' title='bbox 600 3001 673 3066; x_wconf 91' lang='lat' dir='ltr'>dem</span> <span class='ocrx_word' id='word_1_211' title='bbox 697 3001 861 3066; x_wconf 84' lang='lat' dir='ltr'>Zeitraum</span> <span class='ocrx_word' id='word_1_212' title='bbox 888 3001 1048 3066; x_wconf 84' lang='lat' dir='ltr'>zwischen</span> <span class='ocrx_word' id='word_1_213' title='bbox 1078 3002 1164 3068; x_wconf 83' lang='lat'>1553</span> <span class='ocrx_word' id='word_1_214' title='bbox 1188 3003 1254 3068; x_wconf 90' lang='lat' dir='ltr'>und</span> <span class='ocrx_word' id='word_1_215' title='bbox 1281 3005 1365 3069; x_wconf 91' lang='grc'><strong>1566</strong></span> <span class='ocrx_word' id='word_1_216' title='bbox 1393 3003 1428 3068; x_wconf 89' lang='grc'>10</span> 
     </span>
    </p>
   </div>
   <div class='ocr_carea' id='block_1_3' title="bbox 285 3265 1471 4585">
    <p class='ocr_par' dir='ltr' id='par_1_4' title="bbox 285 3265 1471 4585">
     <span class='ocr_line' id='line_1_26' title="bbox 285 3265 1430 3339; baseline 0.003 -19"><span class='ocrx_word' id='word_1_217' title='bbox 285 3268 392 3321; x_wconf 90' lang='lat' dir='ltr'>tunum.</span> <span class='ocrx_word' id='word_1_218' title='bbox 430 3265 577 3321; x_wconf 78' lang='lat' dir='ltr'>Plautinae</span> <span class='ocrx_word' id='word_1_219' title='bbox 597 3282 698 3335; x_wconf 85' lang='lat' dir='ltr'>operae</span> <span class='ocrx_word' id='word_1_220' title='bbox 716 3268 781 3320; x_wconf 86' lang='lat' dir='ltr'>suut</span> <span class='ocrx_word' id='word_1_221' title='bbox 799 3265 961 3336; x_wconf 85' lang='lat' dir='ltr'>praeclarae</span> <span class='ocrx_word' id='word_1_222' title='bbox 980 3267 1023 3337; x_wconf 76' lang='lat' dir='ltr'>(l),</span> <span class='ocrx_word' id='word_1_223' title='bbox 1042 3268 1072 3323; x_wconf 87' lang='lat' dir='ltr'>et</span> <span class='ocrx_word' id='word_1_224' title='bbox 1089 3265 1173 3322; x_wconf 91' lang='lat' dir='ltr'>audio</span> <span class='ocrx_word' id='word_1_225' title='bbox 1192 3267 1430 3339; x_wconf 61' lang='grc' dir='ltr'><strong>0510101118οο6-</strong></span> 
     </span>
     <span class='ocr_line' id='line_1_27' title="bbox 285 3349 1471 3427; baseline 0.003 -18"><span class='ocrx_word' id='word_1_226' title='bbox 285 3356 337 3409; x_wconf 86' lang='lat' dir='ltr'>bus</span> <span class='ocrx_word' id='word_1_227' title='bbox 359 3355 508 3411; x_wconf 88' lang='lat' dir='ltr'>artificium</span> <span class='ocrx_word' id='word_1_228' title='bbox 531 3355 606 3410; x_wconf 84' lang='lat' dir='ltr'>istud</span> <span class='ocrx_word' id='word_1_229' title='bbox 629 3355 712 3410; x_wconf 87' lang='lat' dir='ltr'>valde</span> <span class='ocrx_word' id='word_1_230' title='bbox 735 3371 781 3410; x_wconf 87' lang='lat' dir='ltr'>eas</span> <span class='ocrx_word' id='word_1_231' title='bbox 803 3354 919 3410; x_wconf 79' lang='lat' dir='ltr'>leumri.</span> <span class='ocrx_word' id='word_1_232' title='bbox 962 3356 1035 3411; x_wconf 86' lang='lat' dir='ltr'>Sane</span> <span class='ocrx_word' id='word_1_233' title='bbox 1063 3358 1144 3411; x_wconf 89' lang='lat' dir='ltr'>eraut</span> <span class='ocrx_word' id='word_1_234' title='bbox 1166 3356 1430 3427; x_wconf 71' lang='grc'><strong>0610000000110,</strong></span> <span class='ocrx_word' id='word_1_235' title='bbox 1468 3349 1471 3354; x_wconf 68' lang='grc'><strong>’</strong></span> 
     </span>
     <span class='ocr_line' id='line_1_28' title="bbox 286 3443 1430 3516; baseline 0.002 -16"><span class='ocrx_word' id='word_1_236' title='bbox 286 3461 358 3514; x_wconf 81' lang='lat' dir='ltr'>quae</span> <span class='ocrx_word' id='word_1_237' title='bbox 376 3447 482 3514; x_wconf 81' lang='lat' dir='ltr'>notare,</span> <span class='ocrx_word' id='word_1_238' title='bbox 501 3445 633 3514; x_wconf 79' lang='lat' dir='ltr'>indicere,</span> <span class='ocrx_word' id='word_1_239' title='bbox 653 3461 790 3515; x_wconf 87' lang='lat' dir='ltr'>exponere</span> <span class='ocrx_word' id='word_1_240' title='bbox 808 3443 836 3498; x_wconf 90' lang='lat' dir='ltr'>ic</span> <span class='ocrx_word' id='word_1_241' title='bbox 855 3443 905 3499; x_wconf 91' lang='lat' dir='ltr'>illo</span> <span class='ocrx_word' id='word_1_242' title='bbox 925 3461 1008 3514; x_wconf 89' lang='lat' dir='ltr'>opere</span> <span class='ocrx_word' id='word_1_243' title='bbox 1021 3445 1182 3515; x_wconf 84' lang='lat' dir='ltr'>potuissem,</span> <span class='ocrx_word' id='word_1_244' title='bbox 1201 3447 1250 3502; x_wconf 85' lang='lat' dir='ltr'>sed</span> <span class='ocrx_word' id='word_1_245' title='bbox 1264 3445 1306 3502; x_wconf 80' lang='lat' dir='ltr'>its</span> <span class='ocrx_word' id='word_1_246' title='bbox 1318 3462 1430 3516; x_wconf 88' lang='lat' dir='ltr'>quoque</span> 
     </span>
     <span class='ocr_line' id='line_1_29' title="bbox 285 3532 1431 3606; baseline -0.001 -17"><span class='ocrx_word' id='word_1_247' title='bbox 285 3534 402 3590; x_wconf 88' lang='lat' dir='ltr'>nimium</span> <span class='ocrx_word' id='word_1_248' title='bbox 420 3533 506 3588; x_wconf 84' lang='lat' dir='ltr'>studii</span> <span class='ocrx_word' id='word_1_249' title='bbox 524 3532 693 3604; x_wconf 81' lang='lat' dir='ltr'>impendisse</span> <span class='ocrx_word' id='word_1_250' title='bbox 712 3550 756 3589; x_wconf 91' lang='lat' dir='ltr'>me</span> <span class='ocrx_word' id='word_1_251' title='bbox 775 3532 918 3602; x_wconf 86' lang='lat' dir='ltr'>arbitrari,</span> <span class='ocrx_word' id='word_1_252' title='bbox 945 3536 1028 3589; x_wconf 84' lang='lat' dir='ltr'>antec</span> <span class='ocrx_word' id='word_1_253' title='bbox 1046 3551 1156 3603; x_wconf 90' lang='lat' dir='ltr'>qnoque</span> <span class='ocrx_word' id='word_1_254' title='bbox 1175 3534 1229 3589; x_wconf 88' lang='lat' dir='ltr'>tibi</span> <span class='ocrx_word' id='word_1_255' title='bbox 1248 3535 1354 3606; x_wconf 82' lang='lat' dir='ltr'>scripsi.</span> <span class='ocrx_word' id='word_1_256' title='bbox 1393 3535 1431 3588; x_wconf 84' lang='lat' dir='ltr'>Et</span> 
     </span>
     <span class='ocr_line' id='line_1_30' title="bbox 285 3622 1431 3694; baseline 0.003 -18"><span class='ocrx_word' id='word_1_257' title='bbox 285 3623 497 3694; x_wconf 86' lang='lat' dir='ltr'>relinquendum</span> <span class='ocrx_word' id='word_1_258' title='bbox 516 3639 626 3694; x_wconf 90' lang='lat' dir='ltr'>queque</span> <span class='ocrx_word' id='word_1_259' title='bbox 645 3625 690 3678; x_wconf 85' lang='lat' dir='ltr'>eet</span> <span class='ocrx_word' id='word_1_260' title='bbox 707 3622 823 3693; x_wconf 85' lang='lat' dir='ltr'>aliquid,</span> <span class='ocrx_word' id='word_1_261' title='bbox 841 3623 917 3692; x_wconf 92' lang='lat' dir='ltr'>qued</span> <span class='ocrx_word' id='word_1_262' title='bbox 935 3624 1085 3678; x_wconf 70' lang='lat' dir='ltr'>tractantes</span> <span class='ocrx_word' id='word_1_263' title='bbox 1103 3623 1156 3678; x_wconf 88' lang='lat' dir='ltr'>hee</span> <span class='ocrx_word' id='word_1_264' title='bbox 1169 3641 1257 3693; x_wconf 84' lang='lat' dir='ltr'>genus</span> <span class='ocrx_word' id='word_1_265' title='bbox 1271 3623 1431 3680; x_wconf 81' lang='lat' dir='ltr'>litterarum</span> 
     </span>
     <span class='ocr_line' id='line_1_31' title="bbox 285 3711 1432 3784; baseline 0 -17"><span class='ocrx_word' id='word_1_266' title='bbox 285 3713 406 3783; x_wconf 85' lang='lat' dir='ltr'>amplius</span> <span class='ocrx_word' id='word_1_267' title='bbox 425 3713 573 3783; x_wconf 86' lang='lat' dir='ltr'>explicent,</span> <span class='ocrx_word' id='word_1_268' title='bbox 592 3713 749 3780; x_wconf 84' lang='lat' dir='ltr'>emendent,</span> <span class='ocrx_word' id='word_1_269' title='bbox 769 3712 945 3780; x_wconf 85' lang='lat' dir='ltr'>concinnent,</span> <span class='ocrx_word' id='word_1_270' title='bbox 964 3715 1049 3781; x_wconf 85' lang='lat' dir='ltr'>etque</span> <span class='ocrx_word' id='word_1_271' title='bbox 1067 3712 1138 3768; x_wconf 89' lang='lat' dir='ltr'>adeo</span> <span class='ocrx_word' id='word_1_272' title='bbox 1152 3711 1180 3766; x_wconf 91' lang='lat' dir='ltr'>in</span> <span class='ocrx_word' id='word_1_273' title='bbox 1195 3712 1298 3766; x_wconf 85' lang='lat' dir='ltr'>nestris</span> <span class='ocrx_word' id='word_1_274' title='bbox 1313 3715 1432 3784; x_wconf 77' lang='lat' dir='ltr'>carpent</span> 
     </span>
     <span class='ocr_line' id='line_1_32' title="bbox 286 3800 1431 3872; baseline 0.001 -16"><span class='ocrx_word' id='word_1_275' title='bbox 286 3805 315 3856; x_wconf 91' lang='lat' dir='ltr'>et</span> <span class='ocrx_word' id='word_1_276' title='bbox 337 3803 485 3872; x_wconf 83' lang='lat' dir='ltr'>configent.</span> <span class='ocrx_word' id='word_1_277' title='bbox 524 3801 647 3856; x_wconf 87' lang='lat' dir='ltr'>Primum</span> <span class='ocrx_word' id='word_1_278' title='bbox 672 3801 746 3856; x_wconf 89' lang='lat' dir='ltr'>euim</span> <span class='ocrx_word' id='word_1_279' title='bbox 769 3800 948 3872; x_wconf 76' lang='lat' dir='ltr'>grammatici</span> <span class='ocrx_word' id='word_1_280' title='bbox 967 3803 1009 3856; x_wconf 85' lang='lat' dir='ltr'>est</span> <span class='ocrx_word' id='word_1_281' title='bbox 1027 3801 1163 3870; x_wconf 84' lang='lat' dir='ltr'>quaedem</span> <span class='ocrx_word' id='word_1_282' title='bbox 1182 3800 1324 3871; x_wconf 75' lang='lat' dir='ltr'>ignorare,</span> <span class='ocrx_word' id='word_1_283' title='bbox 1354 3802 1431 3857; x_wconf 88' lang='lat' dir='ltr'>etin</span> 
     </span>
     <span class='ocr_line' id='line_1_33' title="bbox 286 3889 1431 3961; baseline 0 -15"><span class='ocrx_word' id='word_1_284' title='bbox 286 3890 426 3960; x_wconf 88' lang='lat' dir='ltr'>aliquibus</span> <span class='ocrx_word' id='word_1_285' title='bbox 444 3891 515 3947; x_wconf 78' lang='lat' dir='ltr'>falli.</span> <span class='ocrx_word' id='word_1_286' title='bbox 553 3890 660 3946; x_wconf 89' lang='lat' dir='ltr'>Deinde</span> <span class='ocrx_word' id='word_1_287' title='bbox 678 3890 735 3946; x_wconf 79' lang='lat' dir='ltr'>iste</span> <span class='ocrx_word' id='word_1_288' title='bbox 753 3889 902 3961; x_wconf 82' lang='lat' dir='ltr'>diligentie</span> <span class='ocrx_word' id='word_1_289' title='bbox 919 3891 1045 3945; x_wconf 83' lang='lat' dir='ltr'>veterum</span> <span class='ocrx_word' id='word_1_290' title='bbox 1063 3890 1169 3959; x_wconf 84' lang='lat' dir='ltr'>scripta</span> <span class='ocrx_word' id='word_1_291' title='bbox 1187 3889 1369 3960; x_wconf 70' lang='lat' dir='ltr'>repurgandi,</span> <span class='ocrx_word' id='word_1_292' title='bbox 1388 3893 1431 3947; x_wconf 91' lang='lat' dir='ltr'>at·</span> 
     </span>
     <span class='ocr_line' id='line_1_34' title="bbox 286 3977 1432 4050; baseline 0.002 -18"><span class='ocrx_word' id='word_1_293' title='bbox 286 3997 340 4050; x_wconf 89' lang='lat' dir='ltr'>que</span> <span class='ocrx_word' id='word_1_294' title='bbox 359 3979 432 4034; x_wconf 88' lang='lat' dir='ltr'>adde</span> <span class='ocrx_word' id='word_1_295' title='bbox 451 3979 537 4035; x_wconf 81' lang='lat' dir='ltr'>etiam</span> <span class='ocrx_word' id='word_1_296' title='bbox 556 3979 714 4049; x_wconf 86' lang='lat' dir='ltr'>inquirendi</span> <span class='ocrx_word' id='word_1_297' title='bbox 727 3979 756 4034; x_wconf 97' lang='grc'>10</span> <span class='ocrx_word' id='word_1_298' title='bbox 770 3979 890 4035; x_wconf 82' lang='lat' dir='ltr'>eliorum</span> <span class='ocrx_word' id='word_1_299' title='bbox 904 3977 1153 4034; x_wconf 85' lang='lat' dir='ltr'>commentationes</span> <span class='ocrx_word' id='word_1_300' title='bbox 1168 3983 1301 4048; x_wconf 85' lang='lat' dir='ltr'>recentes,</span> <span class='ocrx_word' id='word_1_301' title='bbox 1319 3997 1432 4050; x_wconf 85' lang='lat' dir='ltr'>semper</span> 
     </span>
     <span class='ocr_line' id='line_1_35' title="bbox 285 4067 1432 4140; baseline 0.002 -17"><span class='ocrx_word' id='word_1_302' title='bbox 285 4068 393 4138; x_wconf 91' lang='lat' dir='ltr'>aliquid</span> <span class='ocrx_word' id='word_1_303' title='bbox 412 4068 526 4139; x_wconf 83' lang='lat' dir='ltr'>profert,</span> <span class='ocrx_word' id='word_1_304' title='bbox 545 4069 619 4140; x_wconf 92' lang='lat' dir='ltr'>quod</span> <span class='ocrx_word' id='word_1_305' title='bbox 637 4067 782 4124; x_wconf 76' lang='lat' dir='ltr'>liberalem</span> <span class='ocrx_word' id='word_1_306' title='bbox 801 4068 989 4139; x_wconf 81' lang='lat' dir='ltr'>cognitionem</span> <span class='ocrx_word' id='word_1_307' title='bbox 1002 4068 1124 4123; x_wconf 86' lang='lat' dir='ltr'>instruat</span> <span class='ocrx_word' id='word_1_308' title='bbox 1138 4069 1167 4124; x_wconf 88' lang='lat' dir='ltr'>et</span> <span class='ocrx_word' id='word_1_309' title='bbox 1180 4067 1302 4124; x_wconf 88' lang='lat' dir='ltr'>adiuuet.</span> <span class='ocrx_word' id='word_1_310' title='bbox 1330 4069 1432 4138; x_wconf 89' lang='lat' dir='ltr'>Neque</span> 
     </span>
     <span class='ocr_line' id='line_1_36' title="bbox 285 4157 1431 4228; baseline 0.002 -16"><span class='ocrx_word' id='word_1_311' title='bbox 285 4176 330 4214; x_wconf 90' lang='lat' dir='ltr'>me</span> <span class='ocrx_word' id='word_1_312' title='bbox 349 4176 472 4228; x_wconf 90' lang='lat' dir='ltr'>uuquam</span> <span class='ocrx_word' id='word_1_313' title='bbox 491 4157 639 4228; x_wconf 73' lang='lat' dir='ltr'>qnisquam</span> <span class='ocrx_word' id='word_1_314' title='bbox 658 4157 773 4213; x_wconf 83' lang='lat' dir='ltr'>effendit</span> <span class='ocrx_word' id='word_1_315' title='bbox 790 4159 991 4228; x_wconf 79' lang='lat' dir='ltr'>repraehensor</span> <span class='ocrx_word' id='word_1_316' title='bbox 1005 4157 1135 4212; x_wconf 80' lang='lat' dir='ltr'>laborum</span> <span class='ocrx_word' id='word_1_317' title='bbox 1149 4173 1283 4214; x_wconf 88' lang='lat' dir='ltr'>meomm.</span> <span class='ocrx_word' id='word_1_318' title='bbox 1311 4158 1341 4212; x_wconf 84' lang='lat' dir='ltr'>Si</span> <span class='ocrx_word' id='word_1_319' title='bbox 1355 4158 1431 4214; x_wconf 88' lang='lat' dir='ltr'>enim</span> 
     </span>
     <span class='ocr_line' id='line_1_37' title="bbox 285 4245 1432 4317; baseline 0 -14"><span class='ocrx_word' id='word_1_320' title='bbox 285 4265 350 4303; x_wconf 86' lang='lat' dir='ltr'>vere</span> <span class='ocrx_word' id='word_1_321' title='bbox 368 4247 565 4317; x_wconf 86' lang='lat' dir='ltr'>repraehendit</span> <span class='ocrx_word' id='word_1_322' title='bbox 579 4249 608 4302; x_wconf 88' lang='lat' dir='ltr'>et</span> <span class='ocrx_word' id='word_1_323' title='bbox 620 4247 787 4316; x_wconf 82' lang='lat' dir='ltr'>humaniter,</span> <span class='ocrx_word' id='word_1_324' title='bbox 806 4247 926 4317; x_wconf 77' lang='lat' dir='ltr'>gratiam</span> <span class='ocrx_word' id='word_1_325' title='bbox 940 4245 1049 4302; x_wconf 88' lang='lat' dir='ltr'>scilieet</span> <span class='ocrx_word' id='word_1_326' title='bbox 1062 4247 1157 4302; x_wconf 89' lang='lat' dir='ltr'>deberi</span> <span class='ocrx_word' id='word_1_327' title='bbox 1170 4247 1214 4302; x_wconf 93' lang='lat' dir='ltr'>illi</span> <span class='ocrx_word' id='word_1_328' title='bbox 1227 4247 1432 4304; x_wconf 84' lang='lat' dir='ltr'>confitendum:</span> 
     </span>
     <span class='ocr_line' id='line_1_38' title="bbox 286 4334 1433 4407; baseline 0 -14"><span class='ocrx_word' id='word_1_329' title='bbox 286 4338 328 4394; x_wconf 86' lang='lat' dir='ltr'>siu</span> <span class='ocrx_word' id='word_1_330' title='bbox 345 4337 426 4406; x_wconf 83' lang='lat' dir='ltr'>falso,</span> <span class='ocrx_word' id='word_1_331' title='bbox 445 4336 596 4406; x_wconf 88' lang='lat' dir='ltr'>maledice,</span> <span class='ocrx_word' id='word_1_332' title='bbox 616 4337 828 4406; x_wconf 85' lang='lat' dir='ltr'>contumeliose,</span> <span class='ocrx_word' id='word_1_333' title='bbox 846 4352 939 4391; x_wconf 85' lang='lat' dir='ltr'>meam</span> <span class='ocrx_word' id='word_1_334' title='bbox 958 4334 1067 4392; x_wconf 88' lang='lat' dir='ltr'>scilicet</span> <span class='ocrx_word' id='word_1_335' title='bbox 1085 4335 1174 4392; x_wconf 90' lang='lat' dir='ltr'>vicem</span> <span class='ocrx_word' id='word_1_336' title='bbox 1192 4337 1245 4391; x_wconf 83' lang='lat' dir='ltr'>hec</span> <span class='ocrx_word' id='word_1_337' title='bbox 1263 4337 1433 4407; x_wconf 68' lang='grc'><strong>100010001-</strong></span> 
     </span>
     <span class='ocr_line' id='line_1_39' title="bbox 286 4424 1433 4498; baseline 0 -16"><span class='ocrx_word' id='word_1_338' title='bbox 286 4425 384 4482; x_wconf 86' lang='lat' dir='ltr'>tudine</span> <span class='ocrx_word' id='word_1_339' title='bbox 403 4443 432 4481; x_wconf 86' lang='lat' dir='ltr'>se</span> <span class='ocrx_word' id='word_1_340' title='bbox 450 4426 542 4495; x_wconf 86' lang='lat' dir='ltr'>ipsum</span> <span class='ocrx_word' id='word_1_341' title='bbox 561 4427 637 4482; x_wconf 89' lang='lat' dir='ltr'>ultus</span> <span class='ocrx_word' id='word_1_342' title='bbox 655 4427 715 4498; x_wconf 83' lang='lat' dir='ltr'>ipse</span> <span class='ocrx_word' id='word_1_343' title='bbox 740 4425 802 4482; x_wconf 86' lang='lat' dir='ltr'>est’</span> <span class='ocrx_word' id='word_1_344' title='bbox 841 4425 1027 4496; x_wconf 77' lang='lat' dir='ltr'>(Hentzutage</span> <span class='ocrx_word' id='word_1_345' title='bbox 1049 4427 1122 4481; x_wconf 88' lang='lat' dir='ltr'>noch</span> <span class='ocrx_word' id='word_1_346' title='bbox 1141 4425 1211 4482; x_wconf 83' lang='lat' dir='ltr'>eben</span> <span class='ocrx_word' id='word_1_347' title='bbox 1231 4442 1261 4482; x_wconf 88' lang='grc'>00</span> <span class='ocrx_word' id='word_1_348' title='bbox 1280 4425 1358 4482; x_wconf 72' lang='lat' dir='ltr'>nubs</span> <span class='ocrx_word' id='word_1_349' title='bbox 1377 4424 1433 4482; x_wconf 81' lang='lat' dir='ltr'>wie</span> 
     </span>
     <span class='ocr_line' id='line_1_40' title="bbox 286 4514 679 4585; baseline 0.003 -13"><span class='ocrx_word' id='word_1_350' title='bbox 286 4533 337 4572; x_wconf 84' lang='lat' dir='ltr'>ver</span> <span class='ocrx_word' id='word_1_351' title='bbox 355 4514 536 4572; x_wconf 87' lang='lat' dir='ltr'>dreibuudert</span> <span class='ocrx_word' id='word_1_352' title='bbox 554 4515 679 4585; x_wconf 79' lang='lat' dir='ltr'>Jshren.)</span> 
     </span>
    </p>
   </div>
   <div class='ocr_carea' id='block_1_4' title="bbox 0 0 1618 5098">
    <p class='ocr_par' dir='ltr' id='par_1_5' title="bbox 0 0 1618 5098">
     <span class='ocr_line' id='line_1_41' title="bbox 0 0 1618 5098; baseline 0 0"><span class='ocrx_word' id='word_1_353' title='bbox 0 0 1618 5098; x_wconf 95' lang='lat' dir='ltr'> </span> 
     </span>
    </p>
   </div>
  </div>
 </body>
</html>
