3288 5100
275 349 341 412 546
599 365 715 412 nnana
739 346 883 411 vlnno's
908 363 1083 410 innornvn

274 505 454 572 Hnanzlvs
483 511 654 571 senserunt
681 529 746 572 non
775 508 845 571 sine
878 527 997 590 magna
1029 507 1135 590 specie
1168 505 1422 590 probabilitatis.

273 613 389 697 Itaque
421 613 680 698 quattuordecim
712 613 805 676 libris
840 612 977 696 singulis
1004 611 1185 676 Varronem
1216 612 1423 677 coniecerunt

275 720 420 804 singulas
439 719 598 802 imagines
618 718 799 801 principum
820 718 1021 801 quorundam
1044 719 1231 801 praefixisse
1255 725 1421 802 tamquam

274 826 395 890 indices
424 825 492 888 eius
521 825 648 908 generis
677 823 761 906 quod
790 823 873 887 liber
902 823 1037 906 quisque
1064 825 1342 908 complecteretur.
1382 823 1422 888 Id

275 935 383 994 autem
408 930 482 993 ilico
506 951 565 993 nos
590 929 796 1012 amplexuros
821 929 1097 1014 significabamus,
1121 931 1185 994 nisi
1209 931 1422 1016 gravissimae

275 1037 432 1121 quaedam
467 1036 660 1099 offensiones
693 1037 875 1112 obstarent,
909 1058 991 1120 quae
1023 1038 1134 1120 quales
1168 1041 1277 1102 essent
1304 1037 1323 1100 l.
1347 1060 1372 1101 s.
1396 1060 1422 1101 s.

275 1143 523 1226 exponebamue.
564 1139 609 1204 Et
640 1145 751 1205 tamen
784 1145 851 1204 tam
888 1142 923 1205 in
959 1147 1114 1226 promptu
1145 1144 1199 1208 via
1237 1148 1320 1221 erat,
1356 1167 1422 1228 qua

273 1249 395 1322 licebat
426 1249 472 1311 rei
506 1269 664 1310 summam
697 1247 739 1311 ab
773 1247 840 1310 illis
874 1249 1091 1332 excogitatam
1123 1249 1175 1312 his
1208 1251 1421 1316 incommodis

276 1355 414 1420 liberare
446 1354 620 1438 Paulloque
653 1353 751 1418 aliam
784 1353 818 1418 in
851 1358 978 1436 partem
1013 1377 1137 1420 versam
1172 1358 1251 1421 satis
1284 1357 1422 1420 firmiter

274 1461 372 1542 tueri,
409 1465 446 1524 nt
482 1461 596 1524 subeat
629 1459 773 1524 animum
811 1461 894 1542 quod
928 1465 978 1524 est
1010 1462 1045 1525 in
1082 1463 1254 1546 proverbio
1287 1461 1326 1527 de
1358 1484 1420 1528 ovo

275 1565 435 1632 Columbi.
474 1567 575 1651 quue
599 1567 683 1632 felici
708 1568 855 1630 acumine
879 1569 1044 1650 praestitit
1058 1567 1276 1651 MerclrlmuS,
1305 1574 1420 1634 tenens

273 1673 328 1736 ille
351 1672 403 1736 bie
423 1675 546 1756 septem
566 1671 824 1754 coryphaeorum
848 1672 1017 1757 imagines,
1042 1675 1095 1738 sed
1119 1697 1173 1739 eas
1191 1698 1257 1740 non
1281 1676 1420 1760 singulis
1444 1689 1448 1696 “

273 1778 367 1842 libris
394 1778 585 1842 distributae
613 1778 894 1862 praepositasque,
927 1801 1036 1844 verum
1066 1782 1160 1845 unius
1188 1781 1263 1846 libri
1292 1783 1420 1848 vinculo

273 1883 523 1967 comprehensas
552 1883 584 1947 h.
607 1904 633 1946 e.
661 1883 764 1966 ipsius
793 1883 868 1948 libri
896 1885 993 1968 primi
1027 1887 1082 1969 qui
1115 1886 1179 1950 fuit
1207 1887 1421 1964 εἰεαγωγικόε.

274 1990 312 2053 In
341 2011 405 2072 quo
433 1993 509 2072 post
536 2011 588 2070 ea,
616 2009 793 2071 quaecum
822 1988 861 2054 de
889 1991 1066 2075 imaginum
1094 1993 1245 2057 instituto
1268 1995 1420 2058 universo

172 2163 175 2170 ,
274 2100 343 2160 tum
372 2096 410 2159 de
440 2094 632 2177 ‘septenarii
654 2095 780 2158 numeri
803 2096 978 2160 virtutibus
1006 2099 1285 2189 potestatibusque
1309 2102 1420 2165 multis

274 2201 453 2286 variisque'
477 2201 657 2286 generatim
681 2200 916 2284 disputaverat,
940 2204 1164 2286 percommode
1184 2203 1289 2270 Varro
1313 2207 1421 2290 potuit

274 2309 314 2372 ad
337 2309 457 2391 integri
482 2309 589 2392 operis
615 2307 665 2370 sui
688 2306 935 2390 dispositionem
959 2309 1006 2372 ita
1029 2310 1178 2394 transire,
1201 2333 1273 2374 eam
1298 2317 1420 2378 utnon

273 2416 381 2480 verbis
405 2417 532 2478 tantum
557 2413 747 2496 explicaret,
770 2413 825 2478 sed
849 2413 994 2496 ipsorum
1014 2415 1234 2497 exemplorum
1258 2417 1421 2485 evidentia

227 2539 229 2544 ’
274 2521 481 2584 inlustratam
519 2521 608 2584 brevi
642 2519 675 2583 in
709 2524 882 2602 conspectu
919 2527 1064 2603 poneret.
1100 2520 1236 2586 Delecto
1268 2524 1369 2608 igitur
1401 2547 1419 2588 e

273 2627 410 2710 singulis
435 2647 517 2709 quae
541 2627 754 2689 subsecutura
777 2631 886 2690 essent
909 2628 1128 2709 praestantiae
1147 2628 1308 2692 humanae
1332 2631 1419 2713 capi-

273 2726 453 2798 tibns'uno
481 2731 611 2795 homine
639 2731 813 2815 praecipuo
843 2737 1010 2816 tamquam
1039 2734 1088 2797 sui
1117 2735 1244 2818 generis
1279 2735 1358 2800 duce
1386 2743 1421 2801 et

273 2840 502 2923 antesignano,
534 2839 614 2904 duas
647 2838 825 2922 imaginum
855 2838 1074 2904 hebdomadas
1104 2842 1289 2924 constituit,
1321 2840 1419 2907 Grae-

272 2967 382 3010 carum
406 2945 558 3028 alteram,
582 2943 720 3007 alteram
744 2942 978 3030 Ronranarum,
1007 2968 1088 3030 quae
1113 2948 1201 3012 velut
1228 2970 1286 3031 pro
1315 2948 1420 3013 indice

273 3055 381 3115 essent
413 3054 592 3115 ceterorum
625 3049 796 3114 librorum:
835 3049 976 3134 adiecta,
1008 3056 1044 3116 ut
1076 3057 1126 3117 est
1158 3059 1420 3137 consentaneum,

274 3157 387 3222 harum
417 3179 543 3241 quoque
572 3155 750 3239 imaginum
779 3156 870 3222 brevi
899 3159 1105 3223 enarratione
1134 3160 1233 3226 simili
1262 3167 1357 3245 atque
1385 3161 1420 3225 in

274 3263 407 3346 reliquis
432 3263 591 3326 omnibus.

361 3368 435 3434 Non
459 3373 699 3451 potestantem
724 3367 764 3432 ad
789 3369 978 3434 firmandam
1007 3370 1090 3435 hanc
1114 3373 1308 3437 sententiam
1333 3375 1418 3458 quic-

273 3497 369 3559 quam
399 3496 469 3538 esse
498 3475 602 3558 magis
636 3475 819 3557 appositum
852 3475 948 3558 quam
978 3475 1163 3542 Gallianum
1196 3479 1419 3545 testimonium

273 3581 357 3665 quod
377 3587 431 3667 ¹est
458 3581 492 3644 in
520 3582 626 3664 capite
652 3583 689 3646 11
722 3582 796 3646 libri
819 3581 868 3646 Ill
896 3581 1050 3648 Noctium
1073 3587 1271 3650 Atticarum:
1299 3585 1355 3650 ubi
1384 3591 1418 3650 et

272 3687 311 3751 de
341 3691 447 3751 aetate
471 3686 604 3750 Homeri
631 3687 812 3772 disputatio
835 3685 993 3753 Varronis
1021 3693 1055 3752 et
1082 3690 1170 3755 illius
1200 3691 1335 3774 imagini
1361 3691 1416 3755 ad·

272 3792 390 3856 iactum
419 3793 621 3878 epigramma
644 3795 777 3858 affertur
801 3817 818 3858 e
846 3793 944 3858 ‘libro
974 3793 1013 3859 de
1041 3797 1238 3881 imaginibus
1268 3796 1416 3878 primo'.

272 3897 309 3963 Id
336 3921 396 3963 nos
425 3900 528 3963 coacti
552 3921 678 3962 eramus
707 3900 786 3964 item
814 3900 965 3964 liberiore
993 3901 1259 3985 interpretatione
1287 3902 1416 3966 ineam

272 4009 400 4086 partem
420 4006 573 4089 accipere,
592 4009 628 4069 ut
646 4005 795 4089 scriptor,
813 4006 873 4070 illa
892 4027 964 4071 cum
984 4012 1179 4092 excerperet,
1201 4031 1267 4072 non
1287 4029 1418 4073 curasse

273 4111 484 4192 praemissam
512 4111 662 4176 universo
691 4112 782 4194 operi
810 4111 1045 4196 praefationem
1073 4115 1328 4197 existimaretur,
1361 4113 1418 4178 sed

272 4216 412 4298 primum
431 4217 550 4281 librum
569 4216 687 4280 dixisse
706 4216 760 4300 qui
779 4239 892 4302 reapse
911 4218 1033 4303 primus
1053 4224 1140 4284 esset
1152 4220 1242 4303 ipsas
1257 4219 1416 4304 imagines

271 4326 534 4406 repraesentans,
564 4343 760 4406 quamquam
788 4311 945 4387 secundas
974 4345 1051 4388 sane
1078 4325 1236 4390 librorum
1264 4327 1417 4390 omnium.

273 4426 333 4491 cui
366 4429 485 4492 rationi
518 4428 603 4512 quod
634 4427 831 4492 Mercklinus
865 4451 895 4512 p.
924 4430 944 4493 6
978 4429 1056 4510 [533
1076 4433 1136 4514 sq.]
1170 4431 1324 4514 opposuit
1356 4433 1418 4496 etsi
