3288 5100
817 1365 930 1448 XIV.

320 1537 553 1642 Hieronymi
579 1536 704 1620 index
730 1536 927 1620 librorum
956 1538 1003 1619 ab
1033 1535 1195 1637 Origene
1222 1519 1429 1640 Marcoque

528 1663 539 1680 ‘
596 1680 770 1764 Varrone
799 1679 1155 1784 αοιιιροεὶῑοῑιιιιι’““).Ι

277 2043 290 2082 ³
393 2021 481 2096 Quos
514 2020 593 2084 olim
625 2019 882 2105 Hieronymus
915 2020 1181 2088 Stridoneusis
1217 2019 1375 2085 librorum
1407 2021 1451 2085 ab

304 2127 467 2212 Origene
496 2125 702 2212 Marcoque
729 2126 903 2192 Varrone
936 2128 1191 2212 compositorum
1223 2126 1344 2190 indices
1374 2147 1450 2190 oon·

221 2288 226 2298 .
304 2233 438 2318 fecerat,
471 2255 544 2298 cum
576 2233 632 2299 diu
664 2234 699 2299 in
727 2235 860 2300 summis
889 2235 1056 2300 doctorum
1083 2233 1253 2299 hominum
1280 2232 1450 2300 desideriis

304 2341 455 2426 fuissent,
492 2340 651 2426 singulari
689 2341 839 2407 fortunae
871 2341 1026 2406 beneficio
1058 2362 1161 2424 nuper
1193 2340 1331 2426 contigit
1362 2345 1398 2406 ut
1432 2364 1450 2406 e

303 2447 445 2512 tenebris
473 2448 507 2512 in
537 2448 653 2532 quibus
682 2449 855 2514 latuissent
877 2447 917 2513 ad
946 2447 1015 2512 dias
1043 2447 1176 2512 luminis
1200 2469 1273 2512 oras
1297 2447 1450 2512 redirent.

305 2552 394 2629 Quos
417 2575 490 2618 oum
514 2576 531 2619 e
554 2555 673 2620 codicis
698 2555 863 2620 cuiusdam
887 2554 1115 2620 Atrebatensis
1139 2553 1287 2637 exemplo
1312 2553 1451 2619 litterati

305 2659 403 2745 Angli
427 2681 504 2725 eura
531 2665 661 2744 parate,
689 2662 774 2745 quod
800 2683 980 2746 propensae
1007 2661 1042 2725 in
1069 2681 1128 2724 nos
1157 2659 1318 2724 voluntati
1345 2661 1451 2724 nostri

304 2788 408 2850 nuper
421 2766 565 2854 collegae
578 2766 754 2833 Lvnevror
764 2767 949 2834 Unnrcusrr
964 2767 1170 2852 debebamus,
1183 2766 1218 2830 in
1227 2765 1331 2831 Musei
1346 2766 1449 2830 nostri

305 2871 463 2958 philologi
478 2877 566 2938 tomo
577 2873 624 2939 VI
640 2877 752 2960 [supra
766 2898 796 2960 p.
806 2877 871 2941 423
883 2877 965 2960 sqq]
981 2874 1195 2960 vulgabo-mus
1211 2877 1308 2958 atque
1322 2893 1449 2937 enarra-

306 2979 429 3063 bamus,
452 3001 517 3045 non
539 3003 599 3046 nos
623 2981 770 3068 fugiebat
794 3005 890 3067 quam
914 2985 1000 3048 esset
1023 2981 1201 3066 optandum
1221 2984 1258 3046 ut
1276 2980 1330 3044 ille
1350 2979 1450 3044 codex

306 3084 410 3150 denuo
429 3086 642 3169 inspiceretur
661 3093 693 3152 et
713 3089 964 3154 secundis'curis
984 3111 1048 3173 qua
1066 3087 1135 3152 fieri
1154 3086 1324 3171 diligentia
1338 3091 1451 3168 posset

306 3195 515 3258 excuteretur.
551 3192 593 3258 Ei
621 3199 697 3259 voto
728 3195 823 3260 citius
851 3217 947 3280 qaam
976 3217 1221 3280 speraveramus
1245 3192 1448 3257 satisfactum

307 3303 368 3383 est,
392 3301 424 3362 ct
446 3299 494 3363 ita
516 3304 552 3364 ut
574 3300 670 3365 huius
695 3322 822 3386 quoque
850 3302 997 3367 beneficii
1023 3303 1094 3367 laus
1118 3301 1158 3366 ad
1185 3300 1269 3365 banc
1292 3299 1449 3363 universi·

306 3409 408 3470 tatem
431 3403 550 3472 redeat
586 3405 671 3471 Nam
695 3428 782 3492 cum,
806 3407 860 3493 qui
884 3408 970 3492 apud
992 3431 1052 3475 nos
1075 3429 1160 3474 nunc
1183 3410 1216 3472 et
1237 3397 1470 3471 Sanscriticae¹

307 3511 433 3577 litteras
478 3511 579 3576 tradit
625 3518 658 3578 et
700 3514 829 3599 linguas
871 3536 1058 3600 comparare
1104 3515 1216 3597 docet,
1261 3512 1451 3578 Avuvsuvs

307 3619 572 3686 Sununncnunvs
610 3623 721 3685 noster
756 3643 814 3705 per
846 3621 1133 3707 Francogallorum
1171 3625 1275 3685 terras
1311 3619 1451 3704 peregri-

306 3725 413 3791 nando
441 3725 618 3792 Atrebates
646 3721 802 3813 venisset,
836 3751 968 3810 precum
994 3731 1179 3793 nostrarum
1209 3747 1333 3791 memor
1364 3724 1452 3789 haud

307 3836 358 3897 est
389 3837 559 3898 cunctatus
592 3833 823 3926 bibliothecam
855 3834 886 3900 S.
918 3833 1052 3900 Vedasti
1085 3831 1174 3896 adire
1210 3831 1319 3916 ibique
1356 3830 1452 3896 facile

306 3938 494 4024 indagatum
525 3939 678 4005 codicem
720 3941 962 4006 membraneum
997 3959 1132 4005 numero
1179 3938 1243 4004 849
1286 3939 1452 4022 signatum

307 4049 398 4112 tauto
427 4045 534 4110 studio
562 4049 716 4132 tractare,
744 4053 781 4113 ut
806 4048 860 4113 vix
890 4047 1075 4132 quicquam,
1104 4045 1189 4130 quod
1217 4045 1258 4110 ad
1288 4043 1452 4128 quantivis

307 4151 404 4236 pretii
421 4152 543 4218 indices
562 4153 636 4220 illos
656 4155 748 4240 plene
768 4158 981 4239 accurateque
1001 4153 1242 4238 cognoscendos
1266 4151 1453 4237 pertineret,

309 4315 399 4322 -----
416 4316 498 4322 .--

377 4397 402 4468 *)
423 4399 612 4468 [Prooemium
631 4401 734 4456 Indicia
749 4399 907 4456 scholarum
921 4399 1101 4456 hibernarum
1116 4397 1302 4453 bosnensium
1318 4413 1454 4452 ennomm

311 4483 612 4544 CIOIOCCOXXXXIX
631 4491 660 4542 et
678 4487 722 4559 L.]
