3274 5114
298 407 361 471 196
655 424 867 472 emensum
891 425 1076 472 ensvrms.

294 567 346 631 καὶ
368 567 518 646 πιτύρων.
542 605 586 613 -
609 565 700 632 Nihil
725 567 765 632 ad
781 566 933 632 Plautum
956 567 1105 651 pertinet,
1128 563 1213 650 quod
1236 563 1336 628 etiam
1359 561 1438 627 ‘sor-

293 671 427 738 bitionis
450 673 703 758 liquidissimum
726 673 839 758 genus’
861 673 1092 759 aquibuedam
1115 668 1301 756 ‘apludam'
1324 669 1439 734 haberi

292 777 383 844 Festi
411 780 551 864 epitome
575 779 678 864 addit,
705 779 803 865 ‘quod
829 780 909 846 flatu
931 779 1089 845 deiciatur
1112 782 1145 844 et
1167 777 1261 862 quasi
1285 776 1438 862 adpluda-

291 885 370 952 tur’:
394 909 452 971 pro
472 909 536 972 quo
556 886 802 952 ‘sorbitiuncula
820 909 859 952 ex
877 887 979 972 paleis
998 883 1095 952 facta’
1114 881 1237 971 (suavis
1256 883 1438 949 mehercule

292 993 411 1080 potiol)
440 993 649 1060 substituitur
676 995 710 1060 in
734 995 773 1060 A.
795 993 876 1060 Maii
899 992 994 1060 Novo
1015 992 1168 1059 nimirum
1191 989 1369 1058 ‘thesauro'
1392 990 1438 1056 la-

292 1099 432 1166 tinitatis
455 1123 486 1184 p.
509 1100 562 1166 54.

841 1277 889 1334 VI.

380 1401 507 1469 Nonius
530 1426 561 1488 p.
585 1404 642 1488 62,
670 1404 787 1490 32sq.:
816 1403 1080 1470 ‘exterebrare
1108 1405 1158 1467 est
1184 1401 1219 1466 ui
1241 1399 1361 1485 aliquid
1386 1421 1437 1464 ex-

291 1513 450 1595 torquere.
497 1507 646 1590 [Plautus
664 1509 779 1577 Perea:
803 1531 991 1594 «numum
1012 1509 1108 1576 hercle
1130 1510 1208 1576 estre
1229 1507 1437 1585 eaterebrabds,

293 1621 327 1682 tu
348 1621 385 1682 ert
404 1617 449 1683 sis
465 1617 556 1700 petor
577 1638 671 1700 quam
694 1638 746 1701 epo
768 1619 870 1684 emm».
892 1619 966 1683 item
989 1617 1186 1683 terebrare.
1208 1616 1289 1682 idem
1307 1613 1438 1680 Bucoli-

289 1723 395 1789 drbcs:
426 1723 528 1788 «burc
553 1724 680 1788 ueniam
707 1723 773 1790 illis
790 1725 856 1790 aine
879 1729 906 1790 tc
928 1744 1049 1790 mmor
1072 1745 1109 1789 :.·
1132 1728 1169 1788 er
1190 1723 1350 1790 marat».
1379 1723 1436 1802 eet]

291 1833 324 1894 et
347 1831 486 1896 scrutari
509 1833 566 1896 aut
588 1830 745 1896 curiosius
769 1852 931 1916 quaerere.
976 1831 1112 1898 Plautus
1136 1830 1171 1894 in
1189 1829 1341 1915 Astraba,
1364 1851 1438 1894 eum

290 1935 325 2000 in
353 1935 516 2000 curiosum
543 1936 717 2003 iaceretur:
749 1938 969 2004 «terebratum
999 1937 1128 2023 quidem
1154 1934 1365 2022 pertundise!
1394 1973 1438 1981 —

290 2039 488 2130 Disputandi
515 2064 647 2126 operam
674 2047 712 2108 ut
735 2043 1081 2130 compendiensem,
1111 2043 1315 2131 grammatici
1339 2042 1439 2108 verba

290 2147 466 2214 manifesto
495 2149 612 2214 mutila
641 2149 754 2216 statim
781 2150 862 2216 talia
890 2151 985 2238 posui
1013 2151 1141 2236 expleta
1167 2151 1296 2236 lacuna,
1329 2149 1438 2235 qualia

290 2253 356 2320 fere
385 2255 463 2320 olim
487 2255 651 2322 exstitisse
675 2257 824 2324 arbitror.
862 2255 1089 2324 ‘exterebrare’
1112 2259 1256 2342 verbum,
1274 2257 1439 2323 translato

291 2360 420 2446 quidem
444 2361 696 2449 significatione,
719 2365 851 2430 omnino
874 2386 1035 2450 nusquam
1057 2368 1166 2430 exstat
1188 2363 1285 2431 hodie
1308 2367 1437 2449 praeter

289 2467 409 2534 Persae
432 2492 460 2534 v.
483 2469 558 2556 237,
581 2475 616 2536 et
636 2471 737 2538 hebet
759 2471 805 2536 ibi
827 2493 939 2536 revera
962 2471 1172 2556 extorquendi
1195 2471 1274 2537 vim:
1298 2469 1338 2536 ad
1362 2491 1435 2535 ean·

290 2575 426 2661 demque
458 2578 525 2642 vim
552 2578 697 2662 proxime
721 2578 845 2645 accedit
867 2579 902 2643 in
925 2577 1141 2644 Bacchidibus
1169 2599 1198 2642 v.
1223 2577 1308 2642 1198
1339 2574 1437 2640 ‘tere-

289 2681 397 2748 brare'
425 2683 476 2748 cui
504 2706 619 2768 parum
646 2690 733 2751 recte
756 2689 945 2770 comparant
968 2683 1175 2770 ‘expalpare'‚
1202 2683 1322 2750 rectius
1345 2685 1435 2767 pote·

289 2793 364 2855 rant
382 2788 591 2878 ‘exsculpere'
610 2791 809 2858 Plautinum.
836 2792 937 2859 Porro
957 2795 1066 2858 autem
1085 2814 1158 2858 cum
1172 2788 1258 2875 apud
1272 2793 1437 2856 auctorem

290 2919 383 2962 suum
405 2897 533 2966 Nonius
562 2901 686 2988 legeret
714 2899 812 2968 etiam
841 2900 881 2965 ad
904 2899 1115 2965 ‘scrutantem
1138 2900 1171 2962 et
1194 2895 1318 2962 curiose
1341 2917 1436 2982 quae-

290 3003 430 3070 rentem'
460 3007 644 3073 terebrandi
660 3007 840 3082 „notionem
861 3007 1052 3072 translatam
1076 3025 1161 3088 esse,
1188 3002 1348 3089 simulque
1371 3003 1435 3068 levi

290 3111 408 3176 calami
434 3112 528 3198 lapsu
556 3115 739 3180 terebrm
766 3114 923 3198 seriptum
950 3113 1087 3194 videret,
1116 3109 1179 3176 hoc
1206 3114 1361 3176 consueta
1383 3131 1434 3176 eo·

291 3215 401 3280 cordia
432 3217 530 3284 homo
563 3203 703 3285 stolidus
734 3241 793 3304 pro
826 3217 999 3304 participio
1031 3217 1155 3284 habens
1187 3218 1336 3302 exemplo
1366 3239 1436 3282 esse

290 3323 392 3407 ipsius
420 3323 607 3392 ‘terebrare'
635 3327 724 3393 verbi
753 3327 888 3412 putavit
933 3327 1051 3392 Plauto
1075 3325 1161 3390 enim
1184 3323 1324 3390 dubitari
1347 3346 1437 3410 pror-

291 3451 345 3494 sus
381 3433 495 3516 nequit
530 3434 607 3519 quin
644 3457 737 3501 suum
768 3433 936 3500 'lumebus
973 3435 1020 3500 sic
1056 3432 1232 3499 reddiderit
1264 3430 1436 3499 Adversar.

290 3535 409 3624 XXIX,
434 3540 489 3605 19:

251 3678 276 3718 ¹³
437 3679 605 3749 Tirebra
627 3687 668 3749 tu
690 3683 842 3768 quiddm
864 3681 1065 3767 pertundis
1088 3707 1113 3746 .’
1119 3729 1283 3748 ......

289 3820 350 3888 Illa
368 3845 448 3909 quae
468 3829 545 3890 sunt
562 3825 647 3890 ‘cum
666 3825 701 3890 in
720 3826 882 3890 curiosum
896 3822 1069 3888 iocaretur’
1084 3821 1154 3908 (ubi
1169 3823 1319 3890 locaretur
1332 3821 1436 3909 codd.)

290 3930 495 4014 grammatici
518 3931 616 3997 verba
639 3953 719 4017 esse,
741 3951 806 3996 non
828 3934 953 4015 poetae,
976 3930 1099 4014 primus
1122 3930 1288 4014 perspexit
1305 3927 1435 4014 Lipsius

290 4033 425 4121 Antiqu.
448 4037 522 4103 lect.
545 4037 603 4122 IV,
628 4039 679 4105 17.

831 4283 893 4340 VII.

380 4411 507 4482 Nonius
526 4437 556 4500 p.
575 4413 650 4500 376,
669 4414 702 4480 3:
726 4411 771 4478 ‘et
794 4413 945 4498 quoniam
967 4413 1117 4480 nonnulli
1140 4415 1286 4478 ueterum
1308 4432 1369 4496 pro
1388 4432 1436 4495 eo,

292 4519 377 4604 quod
405 4522 582 4620 protinus
611 4527 674 4603 est,
703 4520 896 4606 protinam
926 4519 975 4585 vel
998 4521 1173 4604 protenis
1198 4521 1437 4602 conuerterant,
