3104 5110
427 443 470 488 zu
494 439 756 498 rraunsmsonnu
781 437 952 486 auronum
1197 417 1262 481 835

14 641 16 646 .
119 587 216 670 Trag.
239 585 357 669 fragm.
380 583 490 650 coroll.
513 607 542 666 p.
565 581 629 646 XII
648 603 695 666 sq.
727 581 800 646 Nisi
823 580 908 666 quod
931 579 1110 646 Vulcanius
1134 579 1263 663 quidem
1294 607 1301 626 ·

118 693 224 758 voluit
242 692 381 773 fortasse
400 691 588 756 endalatttia
606 690 779 772 emendari,
797 707 910 772 reapse
928 689 1040 752 tamen
1055 686 1135 751 haec
1153 685 1262 770 potius

118 800 250 883 scripsit
278 797 470 864 ‘Notarum’
498 819 529 880 p.
552 797 609 882 36,
633 797 689 861 24:
727 795 927 880 ‘Entoridia,
958 797 992 857 et
1023 793 1109 858 infra
1140 793 1196 858 lin.
1220 793 1262 860 38

14 953 16 972 1
118 908 267 987 Etorida]
291 904 368 990 Leg.
386 905 565 969 Endosidia
587 903 802 988 prolatores,
826 907 861 966 ut
879 901 1022 966 Posiidia
1044 923 1103 985 pro
1123 899 1312 966 Posteo'21v

14 1061 16 1098 3
118 1013 236 1077 calami
260 1015 428 1076 errorent
454 1014 606 1094 putamus
631 1015 688 1074 aut
712 1009 791 1074 vitio
819 1008 1020 1092 typothetae.
1056 1007 1093 1072 Id
1118 1009 1202 1092 quod
1227 1031 1264 1072 co

14 1201 15 1204 Ἴ
119 1118 322 1202 probabilius
357 1118 407 1202 fit,
439 1118 524 1202 quod
553 1117 749 1181 Vulcanium
781 1115 956 1181 monstrari
987 1119 1097 1199 potest
1126 1137 1198 1180 cum
1231 1116 1266 1178 in

14 1279 16 1316 3
119 1225 304 1290 adnotando
324 1224 503 1289 Philoxeno
526 1227 596 1288 tum
619 1225 653 1289 in
672 1224 803 1289 edendis
827 1223 1100 1308 emendandisque
1124 1221 1265 1288 ‘Isidori'

14 1387 16 1398 ,
121 1333 176 1418 qui
200 1333 304 1397 fertur
326 1333 445 1418 glossis
468 1336 575 1396 totum
605 1333 744 1416 pendere
769 1357 784 1396 e
808 1329 966 1416 Scaligeri
989 1331 1199 1395 auctoritate:
1228 1334 1265 1395 ut

14 1417 16 1424 ,
119 1442 207 1504 huuc
238 1441 345 1523 ipsum
376 1439 538 1524 cogitasse
568 1439 607 1502 <lc
636 1439 825 1503 mdoteridia
853 1437 960 1502 forma
989 1437 1057 1503 veri
1086 1417 1192 1502 simile
1216 1439 1268 1502 sit.

14 1613 16 1640 ᾖ
121 1545 207 1609 Hinc
230 1545 352 1629 aliquid
377 1545 445 1608 eius
465 1545 511 1608 rei
534 1566 742 1628 permanasse
761 1545 803 1610 ad
822 1543 1000 1610 Meursium
1017 1545 1155 1628 videtur,
1178 1545 1267 1610 cuius

14 1723 16 1734 Ι
121 1653 202 1715 haec
224 1651 324 1715 verba
345 1654 422 1714 sunt
444 1651 478 1713 iu
496 1650 776 1716 Exercitationum
801 1652 870 1716 crit.
889 1651 1017 1736 parteI
1042 1647 1146 1736 (edita
1165 1649 1266 1736 Lugd.

14 1741 16 1860 ζ
119 1759 193 1822 Bat.
222 1780 249 1820 a.
280 1755 379 1842 1599)
414 1779 445 1839 p.
474 1757 530 1840 69,
562 1758 747 1840 spectantia
782 1779 820 1822 ea
854 1757 894 1822 ad
924 1755 1062 1823 Casinas
1099 1757 1268 1822 Plautinae

14 1931 16 1938 ,
124 1863 205 1949 prol.
241 1887 270 1928 v.
298 1863 355 1927 33:
396 1861 526 1927 ‘Scribo
556 1865 697 1945 postidea
730 1885 864 1928 rursum.
914 1861 999 1928 Nam
1034 1861 1197 1950 (licebant,
1232 1869 1269 1932 ut

14 1961 15 2042 J
123 1974 237 2036 notum
267 1975 330 2052 est,
358 1969 508 2054 Anticlea,
536 1969 694 2056 Postidea,
723 1971 888 2036 Interidea.
924 1970 970 2036 Elt
997 1973 1080 2036 male
1109 1971 1205 2036 hodie
1234 1973 1269 2036 in

14 2069 16 2074 ’
125 2077 245 2162 glossis
273 2077 394 2162 legitur
416 2077 599 2162 Entoridio,
627 2081 663 2144 ἐν
690 2085 737 2164 τῷ
761 2079 885 2158 μεταξύ.
924 2077 1037 2144 Scribo
1060 2079 1269 2145 Endoteridca

14 2257 15 2266 χ
122 2208 182 2268 pro
212 2182 388 2248 latericiis?
439 2183 505 2266 Vbi
535 2189 568 2248 et
597 2189 711 2250 notum
741 2185 773 2249 id
804 2207 875 2249 esse
905 2184 996 2268 dicit,
1030 2186 1068 2250 de
1104 2209 1167 2272 quo
1198 2185 1269 2270 ipso

14 2281 15 2290 ¹
121 2292 307 2376 quaeritur,
349 2296 382 2354 et
417 2293 664 2375 perversissima
699 2291 885 2356 Plautinum
926 2313 1053 2356 versum
1090 2295 1270 2360 mutatione

120 2397 350 2484 pessumdedit.
381 2434 419 2444 —
456 2395 605 2462 Ceterum
633 2399 723 2464 nulla
752 2422 821 2464 esse
854 2400 1016 2466 dubitatio
1044 2404 1154 2485 potest
1180 2402 1268 2487 quin,

123 2527 205 2589 quae
241 2505 275 2568 in
305 2501 501 2568 Kalendario
531 2505 742 2570 Praenestino
778 2509 828 2570 ter
862 2509 971 2572 exstat
999 2505 1061 2571 ΕΝ
1091 2511 1184 2589 nota,
1220 2511 1271 2572 sat

14 2687 16 2702 Ι
122 2633 218 2695 saepe
242 2633 280 2675 ea
303 2609 401 2673 etiam
429 2611 463 2675 in
482 2612 597 2676 ceteris
622 2611 758 2697 rediens,
780 2635 845 2677 nou
868 2613 912 2677 sit
935 2614 1030 2678 aliter
1052 2615 1115 2680 nisi
1138 2617 1270 2682 andater·

124 2719 206 2782 cisiis
228 2715 469 2799 interpretanda
494 2739 531 2781 ex
555 2717 657 2800 ipsius
681 2717 789 2782 Verrii
812 2715 921 2782 Flacci
945 2722 1114 2786 sententia.

648 2986 789 2994 ..σμ’-.-

163 3215 217 3302 19)
240 3213 548 3299 Mitthcilungen
571 3235 636 3278 aus
660 3214 735 3279 und
759 3215 855 3280 eber
876 3217 1235 3306 Handschriften.*)

263 3413 290 3474 1.
320 3411 430 3475 Versus
452 3411 488 3474 de
511 3409 590 3474 ΧΠ
609 3409 706 3475 acatis
730 3411 949 3494 Tranquilli
972 3413 1135 3498 Physici.

213 3571 280 3637 Der
299 3571 609 3636 auvorkommeudeu
624 3570 708 3635 thtc
727 3572 783 3636 des
803 3571 911 3639 Herm
932 3575 1109 3641 Theodor
1129 3575 1271 3643 Oehler
1286 3598 1326 3637 1³0

127 3700 184 3742 ans
207 3675 383 3742 Frankfurt
406 3701 434 3742 a.
457 3678 513 3760 Μ.,
542 3679 604 3744 den
633 3677 930 3764 bibliographische
954 3679 1088 3747 Studien
1115 3685 1161 3748 im
1189 3693 1271 3750 wiir·

127 3784 255 3870 digsten
279 3781 376 3848 Sinna
401 3785 459 3852 ‚des
483 3785 616 3850 Wortes
639 3784 699 3849 auf
718 3786 937 3871 auswiirtigen
960 3787 1190 3856 Bibliotheken
1218 3791 1297 3856 be·-

128 3890 323 3974 schtiftigen²
346 3890 530 3956 verdauken
555 3892 614 3955 wir
637 3892 709 3956 eine
728 3892 830 3958 Reihe
853 3917 917 3959 von
935 3894 1190 3982 Mittheilungen
1214 3921 1271 3964 aus

128 3996 342 4061 lateinischen
377 3994 647 4082 Handschriften‚
689 4021 804 4066 wovou
841 4002 912 4086 wir,
955 4023 1023 4068 was
1065 4003 1099 4068 in
1134 4005 1273 4071 niiherer

14 4189 15 4196 ἵ
129 4101 313 4186 Beziehung
335 4124 391 4165 zur
413 4102 610 4170 classischen
633 4104 813 4172 Litteratur
836 4110 938 4195 steht,
961 4131 1040 4196 geru
1062 4133 1102 4176 zu
1126 4111 1273 4178 weiterer

14 4303 15 4316 ἶ
131 4209 305 4274 Kenntniss
329 4208 475 4292 bringen.
513 4199 577 4276 Elin
600 4212 771 4280 Brilsseler
793 4213 901 4281 Codex
924 4216 980 4282 des
1003 4218 1154 4284 zw'olften
1177 4217 1272 4284 Jahr-
1287 4239 1323 4279 1³1

130 4316 292 4400 hunderts,
314 4337 344 4380 n.
362 4317 479 4402 10721,
503 4319 631 4384 enthali
653 4325 748 4386 untcr
770 4321 884 4408 obiger
904 4322 1096 4410 Aufschrift‚
1118 4326 1199 4390 tiber
1221 4326 1273 4391 die

217 4543 244 4613 *)
263 4543 374 4614 [Rhein.
394 4544 520 4601 Museum
539 4547 558 4604 f.
578 4548 678 4603 Philol.
699 4549 734 4604 N.
754 4549 784 4606 P.
804 4551 854 4608 Bd.
874 4551 885 4604 l
905 4554 996 4620 (1841)
1015 4573 1041 4622 p.
1064 4555 1226 4625 130—-140.]

1005 4643 1061 4697 53*
