3294 5104
758 1359 830 1442 IX.

280 1535 332 1617 Dc
360 1531 635 1617 emendatione
662 1531 891 1617 fabularum
920 1531 1303 1636 lorentianamm*).

306 1947 380 2013 Etsi
400 1968 481 2032 quae
500 1944 643 2030 praefari
663 1945 848 2011 scholarum
867 1944 1027 2010 indicibus
1046 1945 1081 2009 in
1100 1944 1162 2010 hac
1180 1944 1390 2010 litterarum

220 2055 429 2120 universitate
452 2053 676 2120 habendarum
694 2057 802 2119 vetere
826 2057 859 2119 et
882 2053 1014 2139 antiquo
1037 2052 1190 2119 instituto
1213 2053 1364 2140 solemus,

220 2162 382 2246 pertinere
401 2161 513 2228 advos
532 2161 701 2226 universos
721 2162 879 2246 volumus
901 2164 1012 2226 tamen
1030 2161 1142 2227 eadem
1162 2183 1228 2226 non
1246 2161 1365 2226 mirum

221 2274 271 2334 cst
293 2269 444 2354 propiore
473 2267 572 2334 etiam
594 2267 724 2334 vinculo
754 2289 825 2334 cum
849 2269 967 2335 vestris
990 2268 1172 2332 rationibus
1197 2267 1365 2352 contineri,

220 2375 274 2460 qui
297 2399 371 2442 cum
394 2375 519 2462 graems
542 2375 731 2459 latinisque,
753 2375 788 2440 in
811 2376 927 2459 quibus
951 2374 1018 2439 fere
1041 2395 1222 2458 versamur,
1245 2374 1365 2439 litteris
1480 2379 1482 2386 '

220 2483 285 2568 ipsi
308 2483 455 2566 studetis,
476 2486 547 2548 tum
570 2482 606 2546 in
629 2481 802 2546 seminario
825 2481 917 2566 regio
940 2480 1139 2566 philologiae
1163 2481 1365 2545 exercemini.

221 2589 324 2655 Vobis
346 2589 448 2675 igitur
469 2591 683 2674 posteaquam
706 2587 741 2652 in
764 2587 918 2672 Dionysii
941 2587 1203 2673 Antiquitatibus
1227 2609 1284 2672 per
1307 2588 1365 2652 ali·

222 2696 306 2781 quod
334 2699 464 2780 tempus
492 2695 694 2760 elaboratum
723 2697 786 2778 est,
814 2699 851 2760 ut
878 2694 919 2760 ad
943 2693 1086 2760 Terentii
1109 2694 1237 2760 fabulas
1261 2699 1364 2760 trans-

221 2804 303 2868 itum
326 2803 390 2887 ipsi
413 2823 615 2887 pararemus,
646 2823 684 2868 ea
710 2823 796 2866 nunc
823 2801 858 2866 in
885 2799 1030 2876 medium
1055 2802 1169 2866 afferre
1196 2801 1283 2868 haud
1306 2803 1365 2868 ebs

222 2909 477 2994 reputavimus,
506 2930 588 2994 quae
610 2930 670 2974 nec
694 2908 807 2994 colligi
835 2907 904 2973 sine
933 2909 1043 2992 ampla
1073 2909 1231 2974 librorum
1261 2909 1365 2992 supel-

222 3017 328 3082 lectile
352 3037 461 3100 posse,
493 3038 552 3081 nec
580 3016 661 3082 satis
685 3037 723 3080 ex
747 3015 836 3080 omni
858 3019 951 3100 parte
974 3015 1110 3082 iudicari
1132 3015 1196 3080 nisi
1219 3015 1260 3081 ab
1285 3017 1365 3080 artis

222 3123 353 3189 criticae
380 3121 490 3206 paullo
519 3121 673 3206 peritiore
701 3122 892 3188 viderentur.
938 3121 987 3187 Ac
1016 3143 1260 3206 speraveramus
1288 3145 1365 3188 sane

222 3229 289 3294 fore
317 3233 354 3294 ut
381 3229 449 3294 eius
472 3229 520 3293 rei
543 3228 571 3292 is
593 3228 689 3294 nobis
713 3229 815 3294 otium
837 3227 974 3312 faceret,
1002 3229 1091 3294 cuius
1115 3230 1200 3294 curis
1225 3231 1365 3296 ornatio·

222 3355 290 3398 rem
323 3335 600 3420 elegantissimum
636 3339 766 3420 poetam
798 3335 1002 3420 proditurum
1034 3359 1145 3402 rumor
1181 3358 1218 3402 ex
1257 3339 1366 3424 aliquo

222 3445 368 3526 tempore
391 3442 643 3525 percrebruerat,
665 3440 866 3508 Reiuholdus
881 3441 1038 3508 Klotzius.
1074 3441 1196 3508 Verum
1220 3466 1290 3508 cam
1315 3467 1366 3509 ex-

224 3548 458 3632 spectationem
481 3548 543 3613 dici
566 3549 679 3633 nequit
702 3571 799 3632 quam
822 3549 892 3634 ille,
920 3549 1071 3614 laudatus
1095 3549 1217 3634 alioqui
1242 3551 1299 3634 vir,
1322 3551 1366 3615 te-

224 3654 354 3720 fellerit.
390 3653 477 3720 Nam
501 3675 573 3720 cum
597 3655 702 3721 omnis
726 3655 794 3720 eius
818 3675 924 3739 opera,
948 3677 1045 3740 quam
1068 3657 1187 3721 emisso
1210 3656 1262 3720 his
1285 3657 1366 3740 ipsis

225 3761 338 3826 diebus
362 3762 467 3846 primo
491 3762 653 3827 volumine
675 3762 808 3847 publico
831 3761 950 3828 iudicio
973 3763 1151 3847 proposuit,
1173 3761 1209 3826 in
1232 3782 1269 3827 eo
1293 3785 1367 3828 con-

224 3868 333 3952 sistat,
362 3873 397 3932 ut
426 3869 554 3934 collatis
584 3869 707 3934 duabus
731 3868 869 3934 vetustis
893 3869 1103 3956 editionibus,
1132 3891 1214 3956 quae
1242 3891 1281 3934 ex
1304 3869 1367 3934 Ro·

223 3995 320 4038 mano
349 3972 457 4039 codice
485 3978 658 4040 manarunt
683 3974 779 4041 uobis
806 3975 907 4060 probe
935 3979 1027 4056 noto,
1053 3976 1172 4042 rectius
1196 3976 1305 4062 aliqua
1328 3999 1367 4040 ex
1494 4039 1498 4048 ,

223 4083 315 4164 parte
338 4079 461 4146 Donati
484 4080 619 4147 disiecta
641 4084 787 4148 membra
810 4082 1028 4166 constituerit,
1057 4087 1127 4150 tum
1151 4084 1191 4150 ad
1214 4084 1288 4168 ipsa
1309 4081 1367 4146 Tc-

224 4186 320 4251 rcntii
343 4188 443 4253 verba
466 4187 664 4256 emendanda
686 4190 762 4256 novi
785 4190 1019 4275 propemodum
1038 4190 1121 4255 nibil
1139 4188 1259 4255 attulit.
1293 4188 1367 4254 Nisi

313 4417 339 4484 ⁴²)
374 4413 562 4484 [Prooemium
588 4413 689 4472 indicis
717 4415 875 4474 scholarum
901 4415 1078 4473 hibernarum
1106 4416 1368 4499 Vratislaviensium

224 4503 289 4561 unni
313 4502 639 4575 clolscccxxxan]
1124 4519 1130 4530 ·
