3294 5104
507 390 747 450 Qvnusmonns
767 391 1102 442 onounuonoomnn.
1308 373 1372 438 337

231 533 308 617 poni
333 529 654 619 Callidamates*)
677 534 812 618 poterit,
841 535 927 620 quod
955 536 1009 600 vix
1037 533 1149 598 dubito
1177 533 1256 618 quin
1279 531 1374 598 Plou-

227 643 281 705 tus
305 663 371 705 non
394 661 453 724 pro
475 639 721 720 Καλλιδαμάτηε,
745 641 800 705 sed
821 665 880 726 pro
902 641 1140 720 Καλλιδάμαε
1158 640 1311 725 posuerit.
1331 678 1373 686 —

226 744 412 811 Cavendum
445 749 567 826 autom,
599 769 639 812 ne
672 770 743 812 oum
777 751 903 835 graecis
939 771 1011 814 vere
1040 749 1143 813 latina
1170 747 1374 835 misceantur,

226 853 336 937 qualis
363 875 498 918 numero
527 875 631 938 pauca
655 854 721 918 suis
745 854 939 939 quibusdam
963 855 1083 920 fabulis
1108 855 1256 935 Plautus,
1283 851 1375 917 nullu

225 960 375 1026 odhibuit
399 959 578 1024 Terentius.
626 957 723 1024 Certa
747 965 822 1024 sunt
843 947 1063 1044 Peniculiis,
1086 960 1283 1042 Curculio,
1307 956 1372 1022 Sa·

224 1069 328 1132 turio
352 1067 570 1152 parasitorum
594 1067 628 1130 in
651 1065 735 1131 Men.
759 1065 850 1132 Ouro.
873 1067 981 1152 Pereo,
1005 1065 1187 1151 Congrio,
1215 1064 1372 1130 Grumio

225 1195 402 1260 coquorum
425 1173 459 1236 in
478 1171 552 1236 Aul.
571 1171 678 1252 Most,
700 1171 841 1238 Lectio
866 1173 950 1238 servi
975 1175 1007 1238 in
1027 1173 1105 1258 Mil,
1128 1173 1262 1237 Ldoris
1286 1173 1373 1257 (gen.

224 1277 418 1366 Lucridis)
442 1277 568 1362 puellae
591 1279 626 1342 in
645 1278 744 1342 Persa
757 1279 788 1362 4,
801 1279 833 1362 4,
853 1279 903 1343 72.
920 1279 974 1344 75:
998 1281 1152 1366 ambiguo
1174 1280 1269 1344 facile
1288 1279 1373 1363 quis·

226 1388 313 1470 piam
343 1384 485 1470 Sango,
519 1383 709 1449 Turbalio
738 1389 775 1450 et
803 1384 943 1451 Storax
972 1387 1121 1472 ((τύραξ)
1154 1387 1285 1452 dixerit:
1318 1386 1372 1450 ob-

226 1493 412 1558 scurissima
446 1491 590 1556 omnium
622 1491 765 1557 Ctslno
797 1498 830 1556 et
860 1492 1028 1576 Stelino‚
1060 1494 1098 1558 de
1130 1494 1247 1578 quibus
1279 1492 1372 1556 valde

226 1600 361 1664 fluctuat
389 1597 543 1662 iudicium
571 1620 630 1662 neo
652 1599 717 1663 nisi
741 1599 882 1662 incestae
906 1599 1110 1664 oonieoturoe
1133 1605 1264 1684 praesto
1288 1603 1425 1664 suntvn

227 1743 270 1752 -
294 1704 444 1771 Ceterum
473 1704 527 1768 vix
556 1707 606 1768 est
633 1705 718 1788 quod
743 1726 892 1770 moneam
915 1706 1040 1770 nullam
1063 1706 1159 1770 fidem
1183 1727 1253 1770 esse
1275 1705 1373 1769 Pacu-

225 1815 407 1894 vionorum,
435 1811 463 1875 si
492 1810 540 1902 dis
569 1811 690 1894 placet,
718 1811 885 1876 nominum
909 1812 1058 1878 Pseudo
1083 1818 1115 1878 et
1139 1811 1373 1897 Sceparnus,

225 1942 305 2004 quae
328 1918 517 2004 Fulgentius
540 1915 662 2002 Expoe
690 1940 782 1983 serm.
811 1943 840 2004 p.
866 1920 928 1984 561
960 1923 1163 1985 commentus
1193 1923 1255 1984 est:
1289 1919 1369 1982 mul-

224 2029 356 2110 tumque
380 2025 595 2090 dubitationis
619 2025 657 2090 de
676 2025 870 2092 Phaedria
894 2027 1045 2092 muliebri
1068 2027 1199 2092 nomine
1218 2025 1291 2090 Aul.
1306 2027 1370 2109 4‚7

227 2132 356 2214 residet,
379 2155 438 2216 pro
463 2155 525 2217 quo
549 2154 633 2196 nuno
655 2131 830 2198 Phaedra
853 2133 1074 2199 substitutum.
1115 2134 1192 2210 Alia
1215 2133 1371 2217 quaedum

225 2237 376 2302 Plautina
404 2241 515 2321 aperte
544 2243 698 2322 corrupto
725 2239 812 2304 haud
841 2241 907 2322 seio
936 2263 977 2304 on
1001 2262 1075 2304 vere
1098 2240 1305 2304 restituerint.
1328 2277 1371 2286 -

225 2344 392 2408 Postremo
415 2347 667 2409 consentaneum
691 2343 754 2408 fuit
777 2367 836 2409 neo
859 2345 1114 2430 hypocoristicos
1138 2345 1260 2410 formas
1280 2369 1370 2430 proe-

225 2451 378 2533 termini,
410 2451 557 2534 quamvis
591 2449 807 2514 Philotium
838 2449 985 2533 Hecyrae
1016 2472 1083 2515 non
1115 2451 1243 2516 diversa
1277 2453 1320 2516 sit
1353 2477 1372 2518 o

226 2555 423 2620 Philotide
447 2557 497 2620 vel
521 2555 771 2640 Olympisous
796 2554 934 2620 Cosinae
958 2557 999 2622 ab
1023 2556 1255 2642 Olympione
1279 2559 1328 2623 vel
1352 2581 1371 2623 o

226 2659 446 2747 Stephaniof
468 2662 828 2747 Stephanisoidium
852 2661 968 2728 Stichi:
1000 2686 1059 2729 nee
1087 2667 1296 2747 cognomines
1321 2667 1372 2732 tle-

226 2791 331 2848 ornm,
362 2769 520 2854 gentium,
551 2769 709 2833 montium
736 2767 906 2833 noviumve
935 2769 1083 2833 homines
1107 2769 1183 2833 hine
1206 2773 1370 2854 segregari

226 2878 261 2938 ut
288 2875 437 2955 Εὐνομία,
472 2876 635 2953 Μελαινίε,
669 2874 784 2952 Λυδός,
818 2875 929 2954 Music,
963 2877 1125 2954 Δέλφιον,
1157 2877 1370 2958 Παλίνουροε,

225 2983 416 3062 Πανήγυριε.

315 3089 423 3172 Atque
451 3089 501 3152 his
525 3090 738 3173 praemonitis
761 3089 827 3154 iam
851 3089 957 3173 ipsum
980 3089 1118 3154 indicem
1142 3091 1260 3156 hebete
1285 3092 1370 3155 infru

226 3196 378 3280 positum.
947 3211 950 3216 '

226 3317 525 3398 Ἀγοραετοκλῆε
572 3317 758 3384 adulescens
812 3319 1030 3401 Ἀλκήειμοε
1055 3343 1152 3387 senex
1176 3321 1248 3388 Ces.

271 3424 367 3490 Poen.
811 3425 1087 3508 Ἀνθεμωνίδη(
1111 3430 1203 3492 miles
1227 3429 1324 3494 Poen.

228 3529 432 3596 Ἀκανθίων
456 3553 566 3594 servus
590 3529 685 3595 Mero.
810 3531 968 3611 Ἀνθραξ
993 3557 1087 3600 ooous
1114 3535 1184 3600 llul.

228 3635 520 3717 Ἀλκηείμαρχο(
567 3637 752 3701 adulescens
812 3629 1163 3721 [νἈντιδάμαρχοεεΙ
1187 3665 1216 3705 ν.
1240 3645 1360 3723 supro]

271 3741 351 3808 Cist.
811 3743 1033 3826 Ἀντιδάμαε
1057 3748 1168 3811 Poen.:
1192 3769 1219 3810 v.
1244 3769 1350 3829 supro.

229 3889 437 3896 ..ῃ-..ψ

281 3954 307 4020 *)
327 3954 370 4007 Ao
389 3955 462 4008 huno
481 3954 693 4010 similitudinem
713 3955 848 4025 putabam
868 3955 1019 4024 aliqnando
1038 3957 1121 4012 Poen.
1142 3963 1167 4022 5,
1188 3962 1213 4024 Ξ,
1233 3963 1266 4012 85
1286 3957 1368 4010 corri-

226 4043 348 4110 gendum
371 4060 445 4110 esse,
467 4043 515 4097 ubi
539 4061 593 4098 non
616 4047 712 4113 potest
734 4062 790 4100 non
809 4045 960 4114 permirum
979 4063 1038 4100 esse
1058 4047 1145 4117 quod,
1171 4047 1217 4114 qui
1237 4053 1262 4114 o,
1284 4054 1306 4111 l,
1326 4051 1367 4098 22.

226 4137 252 4196 5,
271 4138 296 4198 2,
316 4137 358 4188 82.
378 4137 421 4188 87,
442 4138 484 4185 91.
504 4137 537 4186 98
562 4135 722 4187 constanter
744 4137 788 4188 eet
811 4134 1022 4202 Antidamas,
1047 4135 1139 4188 subito
1163 4135 1253 4188 foelus
1276 4137 1318 4188 ost
1341 4137 1370 4186 et

226 4221 312 4275 semel
330 4220 630 4274 Antidamorohus:

439 4308 570 4376 :siquidem
588 4308 801 4363 Aulidomurclei
818 4311 928 4379 quoeris
946 4311 1152 4378 adoptandum.

227 4397 263 4451 Et
286 4398 373 4452 hebet
395 4396 434 4450 ibi
453 4396 651 4450 Ambrosianus
668 4398 903 4465 ANTlDAMAlL
927 4399 1001 4468 quod
1025 4399 1369 4468 i11terproubarnnlido-

226 4491 296 4540 mate
313 4486 340 4540 h.
361 4503 384 4539 e.
404 4485 609 4540 Antidomotue.
646 4486 728 4538 Nunc
747 4486 839 4541 nescio
859 4505 894 4541 un
913 4489 1036 4555 praestet
1054 4487 1225 4544 Antidomui.

281 4594 320 4627 eu.
337 4595 485 4628 musonem
505 4594 637 4628 (museum
658 4595 697 4628 ιιι.
1104 4582 1155 4644 Ὦ,
