3288 5100
281 363 346 426 542
612 381 727 428 unsnn
750 364 895 427 vsaao's
918 377 1094 426 maemvn

280 523 315 586 in
338 523 497 588 artificum
521 545 655 588 recensu
682 545 746 587 non
775 523 924 589 omnibus
949 520 1091 587 eiusdem
1115 519 1191 583 libri
1214 519 1426 587 hebdomadi·

280 628 354 712 bus,
378 631 432 694 aed
456 630 524 712 uni,
548 630 696 694 videlicet
719 630 856 713 primae,
879 629 1085 713 respondisse
1108 625 1267 690 ridentur.
1313 625 1425 691 Veris-

280 736 360 800 simc
384 740 490 800 autem
515 737 639 802 Valerii
662 736 796 804 Maximi
821 736 1018 801 Ritschelius
1043 734 1203 816 meminit,
1231 733 1314 796 unde
1338 733 1425 798 loco-

279 865 351 908 rum
380 843 597 908 communium
621 841 885 907 Hebdomadibus
915 847 1065 926 aptorum
1094 840 1182 904 facili
1211 841 1344 924 negotio
1368 840 1427 904 ali-

280 951 351 1034 quis
376 950 614 1013 multitudinem
638 953 775 1032 promat,
799 973 863 1033 qua
886 970 1059 1014 numerosa
1083 948 1213 1012 illarum
1233 953 1426 1031 argumenta

279 1057 438 1121 restituat.
495 1055 597 1131 Quem
629 1060 794 1119 auctorem
831 1057 988 1121 nonnulla
1024 1079 1062 1120 ex
1095 1054 1243 1120 Varrone
1279 1054 1425 1118 derivata

280 1162 445 1226 continere
469 1184 532 1227 non
557 1161 706 1226 absimile
730 1166 780 1226 est
804 1184 880 1226 vero
904 1161 958 1244 (cf.
981 1161 1108 1245 Kompf.
1131 1183 1161 1243 p.
1183 1159 1299 1244 resq.)
1327 1159 1426 1243 idque

280 1269 424 1354 apertius
449 1269 600 1351 futurum,
624 1268 653 1331 si
676 1267 778 1352 ipsius
793 1267 950 1333 Varronis
973 1267 1074 1332 libros
1099 1266 1182 1330 credi
1206 1269 1318 1349 posset
1340 1266 1425 1331 evol·

280 1375 373 1458 visse,
393 1397 474 1459 quae
494 1373 622 1458 quidem
642 1374 795 1458 ambigua
816 1373 976 1438 sententia
996 1379 1046 1437 est
1066 1373 1120 1456 (cf.
1134 1370 1285 1456 Dirksen,
1299 1372 1328 1436 d.
1348 1372 1425 1436 hist.

279 1481 569 1566 Beispiclsammlg.
593 1480 648 1544 des
663 1479 735 1544 Vel.
750 1479 835 1544 Max.
859 1480 891 1543 in
917 1477 1039 1545 Oomm.
1061 1479 1148 1542 acad.
1167 1477 1273 1543 Bercl.
1292 1501 1320 1542 a.
1339 1480 1425 1543 1845

277 1612 308 1672 p.
335 1588 419 1672 124).
469 1587 583 1670 laque
616 1586 784 1650 obscurius
817 1585 907 1649 illius
940 1586 1042 1650 fontis
1075 1567 1221 1667 exempla
1256 1590 1425 1669 apparent,

191 1683 193 1690 ¹
279 1715 415 1780 quorum
439 1715 535 1757 unum
561 1692 717 1756 indicasse
741 1691 895 1775 sufficiat,
923 1691 1008 1776 quod
1033 1697 1083 1755 est
1109 1691 1141 1754 in
1165 1691 1240 1773 tv
1265 1715 1290 1756 c.
1314 1692 1335 1756 6
1359 1694 1378 1770 ξ
1403 1693 1424 1756 3

277 1800 329 1864 his
353 1800 460 1865 verbis
484 1803 687 1881 conceptum:
717 1797 878 1862 ‘Genucio
902 1797 983 1880 Cipo
1007 1798 1150 1882 praetori
1173 1797 1327 1881 paludato
1350 1819 1425 1880 por-

278 1911 346 1970 tam
370 1905 549 1990 egredienti
571 1905 648 1968 novi
672 1909 769 1988 atque
792 1905 931 1968 inauditi
951 1904 1078 1990 generis
1098 1904 1282 1989 prodigium
1300 1903 1425 1968 incidit.

279 2011 426 2097 Namque
453 2011 487 2075 in
517 2012 623 2094 capite
652 2012 719 2075 eius
744 2011 851 2076 subito
876 2011 976 2076 veluti
1001 2033 1122 2076 cornua
1145 2015 1347 2094 crepserunt,
1375 2033 1424 2075 re-

279 2141 497 2204 sponsumque
530 2122 580 2182 est
606 2137 716 2202 regem
744 2141 817 2182 eum
847 2118 930 2202 fore,
961 2119 987 2182 si
1022 2119 1055 2184 in
1083 2119 1194 2182 urbem
1226 2116 1425 2181 revertisset.

279 2226 371 2302 Quod
394 2247 434 2290 ne
458 2225 626 2306 accideret,
649 2224 868 2290 voluntarium
887 2247 924 2290 ac
943 2231 1134 2309 perpetuum
1154 2225 1287 2289 sibimet
1305 2223 1425 2288 indixit

278 2333 419 2398 exilium.
464 2330 606 2416 Dignam
635 2331 804 2416 pietatem,
837 2355 918 2416 quae
946 2333 1032 2416 quod
1060 2332 1100 2396 ad
1124 2331 1261 2396 solidam
1285 2330 1425 2415 gloriam

279 2439 397 2503 attinet
425 2441 548 2520 septem
576 2437 708 2522 regibus
736 2437 945 2521 praeferatur.
992 2436 1091 2503 Cuius
1110 2437 1288 2502 'testandae
1316 2436 1432 2530 gratia·

197 2551 201 2563 '
241 2566 264 2607 u
278 2546 394 2629 capitis
414 2543 537 2628 effigies
557 2564 651 2606 aerea
671 2548 795 2628 portae,
819 2567 883 2628 qua
902 2550 1089 2630 excesserat,
1109 2545 1235 2610 inclusa
1253 2547 1302 2608 est
1325 2542 1425 2608 dicta-

278 2675 340 2736 que
363 2649 627 2732 Raudusculana,
660 2649 739 2714 olim
773 2671 848 2714 aera
880 2652 1015 2716 raudera
1048 2649 1264 2716 dicebantur’.
1297 2686 1341 2699 -
1373 2649 1426 2714 Ea

278 2759 377 2823 verba
396 2757 563 2841 Kempfius
586 2779 616 2840 p.
633 2758 676 2821 20
700 2757 740 2821 ad
754 2755 911 2822 Varronis
936 2760 1164 2824 auctoritatem
1188 2757 1315 2822 rettulit
1337 2759 1424 2820 recte

278 2865 422 2950 quidem,
450 2863 505 2929 sed
529 2862 638 2927 nescio
662 2885 726 2948 quo
751 2870 943 2948 argumento
972 2887 1064 2948 usus,
1092 2865 1177 2949 quod
1200 2868 1293 2928 tanto
1317 2863 1424 2947 magis

277 2971 422 3054 proferre
446 2970 594 3053 debebat,
618 2969 771 3054 quoniam
793 2971 879 3035 idem
903 2971 938 3035 in
961 2971 1173 3036 annotatione
1198 2971 1237 3035 ed
1261 2969 1291 3034 h.
1315 2969 1335 3032 l.
1359 2967 1424 3032 Va·

278 3077 393 3140 lerium
412 3073 590 3140 Maximum
615 3097 746 3140 causam
770 3077 999 3161 appellationis
1022 3083 1138 3162 portae
1155 3077 1424 3143 Raudusculanac

278 3183 377 3247 aliam
406 3187 503 3266 atque
532 3181 712 3248 Varronem
741 3183 779 3247 de
808 3184 828 3248 l.
856 3183 927 3248 Lat.
950 3183 990 3268 V,
1017 3185 1078 3250 163
1106 3186 1233 3249 tradere
1261 3185 1422 3250 observet.

278 3289 423 3353 Eandem
450 3309 516 3352 rem
541 3289 700 3353 uberrime
723 3290 870 3354 narravit
891 3289 1025 3354 Ovidius
1047 3291 1123 3358 Met.
1145 3291 1216 3370 XV,
1238 3289 1424 3371 uus-621,

280 3395 467 3460 brevissime
487 3394 601 3479 attigit
619 3393 799 3472 PliniusN.
813 3394 854 3460 H.
869 3395 924 3478 XI,
943 3397 1014 3480 123,
1033 3398 1230 3462 Actaeonem
1250 3418 1321 3460 cum
1342 3394 1423 3480 Cipo

276 3501 436 3566 fabulosis
466 3523 681 3566 annumerans
713 3524 812 3587 eaque
843 3525 880 3566 cx
908 3502 1055 3568 Varrone
1085 3504 1190 3588 petitu
1218 3504 1313 3568 fidem
1342 3501 1424 3567 facit

279 3608 373 3673 index
398 3615 565 3674 auctorum
590 3610 664 3674 libri
688 3609 747 3692 XI,
776 3610 830 3695 qui
856 3633 875 3673 a
898 3609 941 3674 M.
965 3610 1112 3676 Varrone
1136 3611 1299 3675 exordium
1324 3609 1425 3674 babet

277 3713 331 3802 (cf.
351 3715 471 3798 Brunn,
491 3715 529 3781 de
549 3721 716 3782 auctorum
735 3717 897 3781 indicibus
920 3716 1077 3781 Plinianis
1098 3717 1178 3800 disp.
1198 3716 1300 3783 Bonn.
1314 3715 1422 3803 1856).

277 3822 391 3905 Itaque
414 3823 632 3906 discrepantia
655 3823 712 3887 illa
735 3845 799 3887 non
824 3823 953 3888 obstare
978 3822 1119 3906 videtur,
1143 3823 1314 3908 quominus
1337 3821 1423 3888 hunc

278 3933 334 3993 aut
356 3933 528 4013 utrumque
552 3930 585 3994 iu
607 3929 873 3994 Hebdomadibus
898 3931 1044 4012 posuerit
1067 3929 1185 4012 Varro,
1216 3953 1311 4014 quem
1335 3953 1355 3994 a
1378 3932 1423 3994 sa-

278 4037 394 4100 bulosa
413 4036 551 4100 historia
568 4058 632 4101 uon
652 4059 784 4120 prorsus
799 4036 996 4100 abstinuisse
1011 4037 1205 4102 documento
1221 4041 1271 4100 est
1285 4037 1423 4100 Aeneas.

278 4145 384 4228 Atque
399 4143 489 4206 vides
509 4165 607 4227 quam
626 4142 707 4207 bene
726 4141 765 4205 ad
782 4140 910 4206 Aeneae
933 4141 1081 4206 habitum
1104 4163 1142 4206 ex
1168 4163 1263 4226 opere
1287 4143 1422 4226 antiquo

278 4249 473 4313 delineatum
497 4249 668 4313 conveniat
682 4247 754 4330 Cipi
777 4246 886 4331 imago
910 4270 1004 4312 aerea
1026 4254 1141 4332 portae
1156 4249 1424 4314 Raudusculanae

278 4355 411 4420 inclusa.
457 4353 581 4419 Deinde
605 4355 636 4418 id
661 4375 788 4438 quoque
812 4376 877 4418 non
899 4355 1073 4420 fortuitum
1097 4355 1235 4438 videtur,
1259 4354 1361 4438 quod,
1385 4361 1423 4420 ut

279 4461 363 4544 apud
382 4459 549 4526 Valerium
573 4459 676 4525 Curtii
700 4461 734 4524 in
757 4459 884 4524 hiatum
907 4465 1011 4526 terrae
1034 4461 1214 4526 desilientis
1238 4461 1422 4544 exemplum
