3274 5114
311 375 374 440 192
667 391 880 441 succursura
904 391 1089 440 uolumus.

307 535 460 621 pondere,
492 535 598 601 dictus
621 558 641 601 a
663 536 807 602 tollendo
815 534 834 622 ',
866 537 996 602 conlata
1024 559 1097 601 cum
1119 533 1219 600 Plinii
1241 533 1349 599 verbis
1372 530 1449 600 Nat

307 642 383 708 hist.
396 641 484 728 XIX,
498 644 542 709 60
566 641 694 710 ‘hortos
717 644 816 709 uillae
839 693 847 708 .
870 694 878 709 .
901 694 909 710 .
931 642 1133 710 tollenonum
1156 641 1276 706 haustu
1298 640 1422 728 rigatos
1431 639 1451 703 ’:

307 750 483 836 eodemque
511 748 698 815 referendae
726 754 802 816 sunt
830 751 958 836 glossae
987 753 1113 817 veteres
1142 749 1228 835 apud
1254 747 1452 813 Vulcanium

308 879 338 941 p.
362 857 437 940 214,
462 856 503 920 14
526 859 559 921 ct
582 856 656 940 515,
682 857 715 921 1:
752 855 891 922 ‘tolleno
921 854 1096 936 κηλώνιον’
1121 854 1235 943 (immo
1259 853 1451 936 κηλώνειον)

308 967 342 1027 ct
356 962 533 1043 ‘unldvicv
547 963 674 1030 ciconia
684 960 720 1048 ⁹),
734 961 883 1030 tolleno’.
919 963 1081 1048 Felicique
1100 967 1137 1030 ut
1154 963 1282 1029 videtur
1305 961 1451 1026 acumine

308 1089 380 1134 cam
413 1090 525 1135 vocem
558 1068 583 1134 Ι.
610 1068 646 1134 F.
671 1067 852 1135 Gronovius
885 1063 927 1136 ad
957 1069 1044 1134 Livii
1076 1068 1197 1154 XXIV,
1220 1070 1273 1154 34,
1299 1069 1340 1134 10
1372 1067 1451 1133 duee

308 1175 498 1241 Ptolemaeo
520 1175 635 1242 Flavio
659 1176 757 1242 ctiam
780 1175 979 1243 Columellas
1001 1176 1041 1262 X,
1064 1177 1268 1242 rarescitis
1291 1176 1353 1241 sic:
1386 1173 1452 1240 ‘Ne

308 1281 418 1367 grume
441 1281 606 1348 hausturis
629 1283 755 1348 tolleno
774 1283 836 1348 tibi
854 1283 914 1348 ilia
931 1282 1064 1349 uellat’:
1087 1283 1231 1350 feliciore
1250 1285 1336 1348 certe
1355 1303 1452 1368 quam

309 1410 373 1476 qua
396 1386 529 1453 eandem
553 1385 692 1455 Senecae
714 1388 790 1454 Nat.
815 1393 937 1475 quaest
960 1387 1001 1472 II,
1024 1389 1044 1454 9
1069 1389 1149 1456 olim
1172 1390 1329 1460 Erasmus
1353 1389 1453 1454 incul-

309 1494 413 1560 cabat.
449 1493 522 1560 Hoc
544 1495 644 1580 igitur
667 1495 928 1578 instrumentum,
952 1496 1042 1561 cuius
1065 1496 1204 1581 figuram
1228 1499 1378 1563 accurate
1401 1496 1453 1560 de-

309 1603 454 1667 scribunt
476 1585 645 1669 Dacierius
668 1602 708 1667 ad
731 1601 873 1687 Festum,
895 1603 1123 1688 Forcellinius,
1146 1603 1246 1670 Henr.¹
1268 1602 1452 1689 Stephanus

268 1730 272 1740 ·
309 1731 334 1775 s.
357 1733 386 1776 v.
409 1712 517 1791 κήλων
539 1708 697 1775 Thesauri
720 1711 743 1774 t.
765 1707 814 1772 IV
836 1731 867 1793 p.
893 1710 977 1774 1516
1001 1709 1087 1794 Pan,
1119 1709 1258 1796 cogitari
1287 1732 1307 1774 a
1334 1709 1452 1776 Plauto

308 1817 497 1882 existimans
522 1799 668 1900 Scaliger
691 1837 763 1881 cum
786 1815 832 1880 sic
856 1819 1093 1881 commentatur
1116 1815 1238 1903 Castig.
1257 1817 1289 1882 in
1304 1813 1451 1882 Festum:

311 1921 361 1988 ‘in
388 1923 541 1990 Plautino
574 1945 669 1988 versu
691 1922 937 2007 «reciprocare»
968 1922 1052 1988 nihil
1086 1923 1173 1988 aliud
1206 1946 1303 2009 quam
1335 1946 1452 2010 susque

241 2039 246 2048 '
309 2029 424 2116 deque,
454 2031 601 2120 gremio
630 2032 758 2094 erecto
787 2035 853 2094 aut
879 2029 1075 2115 depresso,
1103 2035 1231 2117 gestum
1255 2031 1302 2096 ita
1325 2053 1452 2116 compo-

308 2159 395 2222 nere,
417 2140 454 2201 ut
476 2137 598 2202 tollenc
622 2139 679 2201 aut
701 2135 804 2221 pilum
827 2155 979 2220 graccum
1003 2134 1046 2216 [l]
1070 2135 1243 2221 videatur’,
1267 2159 1363 2222 quam
1381 2141 1451 2202 tan·

309 2243 381 2308 dem
405 2267 513 2310 rerum
536 2242 758 2310 condicionem
778 2241 879 2307 manti
897 2241 1123 2307 informaverit
1142 2245 1199 2306 aut
1216 2246 1351 2308 naturae
1373 2245 1452 2310 veri·

311 2352 372 2416 tati
395 2355 451 2417 aut
474 2351 657 2417 rationibus
681 2354 715 2415 et
738 2349 962 2416 consuetudini
985 2349 1171 2416 comoediae
1194 2355 1454 2438 consentaneam,

309 2459 364 2524 vix
388 2481 426 2524 ac
448 2482 489 2524 ne
512 2457 564 2523 vix
588 2457 716 2544 quidem
740 2456 915 2523 divinando
940 2456 1124 2543 adsequare.
1162 2456 1232 2534 Quo
1251 2458 1357 2544 magis
1381 2481 1453 2524 eum

310 2565 420 2630 mirari
443 2567 519 2631 licet
542 2566 677 2631 alteram
697 2563 903 2630 ‘tollenonis'
924 2553 1350 2651 significationem'prorsus
1373 2587 1450 2652 ueg-

310 2673 441 2758 lexisse,
463 2697 527 2759 qua
550 2673 583 2738 id
605 2695 723 2738 nomen
748 2673 877 2738 constat
899 2673 999 2737 etiam
1027 2672 1067 2737 ad
1092 2675 1327 2737 tormentorum
1354 2695 1451 2758 appa-

309 2784 418 2846 ratum
445 2779 631 2846 traductum
658 2801 728 2845 esec
757 2777 981 2864 oppugnandis
1009 2776 1202 2862 oppidorum
1232 2779 1453 2844 castellorum·

310 2911 348 2953 vc
371 2887 579 2954 munimentis
602 2886 862 2952 inservientium:
886 2884 971 2969 quod
995 2905 1096 2971 genus
1119 2884 1452 2953 machinamentorum

311 3016 382 3059 cum
407 2993 517 3059 Livius
540 2995 772 3059 commemorat
794 2992 814 3056 l.
839 3014 863 3056 s.
887 3012 911 3054 s.
935 2993 968 3056 et
989 2989 1176 3076 XXXVIII,
1200 2992 1230 3076 5,
1253 2992 1284 3076 4,
1306 2992 1340 3058 in
1363 3015 1453 3058 enar·

311 3100 413 3167 randa
440 3097 609 3165 obsidione
638 3097 870 3183 Syracusarum
899 3099 995 3182 atquc
1019 3097 1227 3182 Ambraciae,
1258 3102 1328 3164 tum
1356 3101 1451 3183 quale

311 3206 409 3272 fuerit
437 3227 476 3271 ex
504 3211 572 3272 arte
599 3205 755 3272 describit
776 3205 933 3314 Vegetius
962 3205 1001 3269 de
1028 3226 1063 3270 re
1091 3205 1185 3272 milit.
1207 3203 1265 3292 IV,
1287 3205 1344 3290 21,
1376 3205 1454 3272 deli-

312 3351 524 3360 ——m—-r

401 3439 429 3508 9)
449 3435 578 3492 ‘ciconia'
600 3435 673 3490 unde
691 3435 747 3488 huc
764 3433 868 3504 veniat,
887 3433 1006 3490 Isidorus
1025 3435 1108 3490 docet
1126 3433 1201 3506 Orig.
1220 3433 1281 3502 XX,
1301 3440 1342 3506 lt,
1362 3442 1387 3504 ³,
1407 3435 1454 3491 ubi

311 3543 384 3582 nunc
403 3527 443 3582 sic
461 3526 554 3582 editur
571 3542 670 3601 parum
689 3523 849 3580 emendate:
879 3523 1043 3580 ‘telonem
1067 3525 1208 3579 hortulani
1227 3527 1330 3580 vocant
1347 3525 1454 3598 lignum

312 3618 440 3689 longum,
467 3633 523 3685 quo
547 3613 680 3669 hauriunt
702 3630 797 3682 aquas.
838 3613 867 3668 et
884 3611 991 3667 dictum
1010 3613 1132 3668 telonem
1152 3614 1212 3683 (sic)
1231 3629 1249 3667 a
1267 3612 1454 3685 longitudino:

311 3709 390 3763 τέλος
409 3707 490 3775 (ruht
510 3704 539 3760 al
549 3707 558 3774 )
579 3703 654 3759 enim
671 3702 751 3757 iuxta
769 3701 889 3757 Graecos
908 3700 1042 3770 quicquid
1062 3701 1176 3771 longum
1195 3705 1245 3758 est.
1282 3703 1336 3758 hoc
1354 3703 1456 3757 instru-

312 3799 438 3852 mentum
456 3792 575 3864 Hispani
598 3789 767 3846 ciconiam
790 3788 902 3844 dicunt'
928 3807 951 3844 e.
971 3807 997 3858 q.
1018 3807 1039 3844 s.
1078 3787 1217 3848 Credibile
1243 3793 1285 3846 est
1308 3790 1455 3860 pristinum

314 3882 518 3940 ‘tollenonem'
544 3883 653 3936 mutata
677 3877 769 3934 vocali
795 3877 1036 3933 ‘tellenonem'
1066 3878 1186 3935 evasisse
1213 3883 1327 3950 postera
1354 3881 1457 3949 astate,

313 3992 398 4045 quam
423 3973 536 4043 quidem
562 3970 681 4025 formam
707 3965 862 4022 Gronovius
888 3966 905 4023 l.
926 3986 948 4026 s.
968 3985 988 4022 s.
1013 3966 1177 4038 simpliciter
1203 3969 1275 4026 dixit
1298 3970 1456 4024 barbaram.

314 4065 457 4138 [Ceterum
481 4060 515 4115 de
539 4059 679 4114 tollenone
703 4073 776 4124 quae
799 4071 883 4124 supra
902 4057 1104 4110 commentatus
1123 4075 1197 4123 eum,
1225 4058 1333 4130 pridem
1352 4057 1458 4128 scriptu

313 4155 396 4209 crant
413 4147 521 4218 omnia,
540 4165 603 4202 cum
622 4143 710 4214 Sophi
728 4143 837 4213 Buggei
855 4142 884 4197 in
903 4141 1075 4199 Fleckeiscui
1092 4146 1192 4202 Annsl.
1212 4150 1232 4202 t.
1252 4145 1301 4202 CV
1319 4150 1355 4216 (a.
1377 4149 1457 4214 1872)

313 4262 341 4314 p.
363 4221 413 4298 lot
428 4258 468 4310 sq.
488 4235 708 4308 disputationem
727 4231 794 4299 vidi,
814 4229 912 4300 queis
932 4249 1027 4287 veram
1046 4233 1165 4290 nominis
1184 4235 1302 4290 formam
1321 4251 1377 4288 non
1396 4251 1455 4289 csse

314 4331 421 4395 tollere,
439 4327 488 4383 sed
507 4326 624 4381 telleneo
642 4321 699 4391 (ch
718 4319 803 4376 ctiam
822 4319 964 4390 antiquius
978 4322 1107 4392 tollendo)
1126 4325 1155 4377 et
1172 4323 1347 4378 documentis
1366 4323 1396 4376 et
1414 4338 1456 4376 ar·

315 4419 453 4489 gumeutis
470 4415 589 4486 probaro
607 4403 715 4468 studuit
732 4407 801 4464 sotis
820 4407 857 4464 ad
875 4409 1099 4479 persuadendum
1118 4410 1260 4481 adpositis.
1288 4407 1372 4462 Cuius
1391 4409 1455 4464 scri·

315 4509 413 4578 pturae
432 4503 582 4572 vestigium
600 4500 687 4572 ipsius
706 4497 782 4552 Festi
802 4498 889 4553 codex
903 4499 1026 4556 sorvavIt
1043 4518 1070 4568 p.
1081 4505 1168 4568 356,ss
1187 4497 1294 4553 telmeso
1313 4496 1455 4570 prodens]
