3274 5114
310 398 374 466 190
667 415 885 469 sancusurn
908 418 1097 470 rnnvrrnl.

307 560 479 645 ‘speratae'
494 564 737 649 consequendae
752 564 954 631 occasionem
969 566 1033 631 sibi
1046 569 1195 651 paratam
1210 566 1319 632 sentit.
1345 561 1452 651 Scrip-

305 673 375 733 tum
397 670 499 756 igitur
521 670 622 737 fuisse
646 671 681 736 in
703 671 794 736 fonte
807 671 988 738 Florentiui
1010 673 1080 738 mcci
1101 675 1225 756 sperati
1249 673 1451 739 credendum.

305 773 357 840 Ita
376 775 555 861 ‘speratam
577 800 644 843 non
667 778 720 844 odi
743 777 851 844 tuam'
865 783 898 845 et
913 778 1055 846 ‘mecum
1078 802 1184 846 meam
1207 783 1373 865 speratam
1396 780 1451 845 ad·

305 882 437 949 ducerc'
469 885 551 950 dixit
585 885 738 951 Afranius
771 886 872 952 Nonii
905 909 934 951 r.
961 889 1032 952 174.
1067 889 1130 952 176
1153 887 1200 971 R,
1237 892 1335 973 atque
1372 888 1452 952 adeo

306 987 455 1056 ‘uxorem
479 992 602 1057 salutat
620 997 784 1077 speratam
803 991 912 1058 suam'
929 992 1126 1078 Amphitruo
1142 991 1314 1058 Plautinus
1333 1017 1362 1059 v.
1377 994 1452 1058 676.

305 1095 506 1184 Prorsusque
529 1098 664 1164 eundem
687 1099 728 1164 ad
750 1099 917 1164 notionem
940 1099 975 1163 in
989 1098 1152 1165 Astrabse
1171 1099 1317 1166 versibus
1333 1099 1451 1165 ‘meam

305 1203 408 1288 spem'
422 1210 456 1270 et
470 1205 587 1272 ‘meam
603 1204 776 1290 speratem'
791 1205 972 1272 revocanda
991 1227 1061 1272 esse
1080 1207 1178 1271 etiam
1193 1229 1210 1271 e
1225 1205 1328 1272 Stichi
1342 1209 1451 1273 verbis

305 1311 495 1398 intellegere
518 1313 595 1378 licet
617 1336 646 1379 v.
670 1313 735 1379 583
759 1312 790 1378 ‘0
814 1317 942 1398 sperate
965 1312 1202 1398 Pamphilippe,
1225 1335 1244 1378 ο
1268 1335 1342 1403 spes
1364 1312 1450 1378 mea’

304 1439 330 1481 e.
340 1439 370 1503 q.
381 1441 414 1504 a,
437 1441 633 1506 quamquam
657 1421 703 1485 eis
726 1442 793 1485 non
816 1421 863 1486 sic
886 1421 927 1485 ah
951 1421 1022 1506 ipso
1046 1420 1163 1486 Plauto
1186 1421 1349 1506 profectis.
1380 1421 1450 1487 Nee

190 1523 195 1534 ’
304 1524 390 1611 fugit
418 1549 456 1593 ea
485 1527 681 1614 significatio
705 1525 918 1612 scaligerum,
951 1551 989 1594 eo
1016 1531 1145 1594 tentum
1173 1533 1331 1594 errantem
1362 1529 1449 1614 quod

306 1637 435 1699 servata
458 1634 543 1700 ‘mea
566 1633 707 1720 sperata'
722 1635 822 1700 rerba
844 1657 903 1720 pro
927 1635 1086 1700 vocativis
1110 1657 1181 1700 esse
1205 1635 1320 1720 voluit,
1342 1639 1449 1701 totum

303 1761 432 1806 versum
454 1743 598 1827 priorem
621 1743 767 1809 tribuens
791 1730 929 1808 mulieri.
950 1779 992 1790 —-
1015 1741 1068 1807 Ite
1086 1741 1186 1827 igitur
1205 1759 1224 1808 e
1241 1742 1397 1828 negativa
1413 1743 1449 1808 iu

304 1847 534 1916 affirmativam
563 1851 704 1935 speciem
732 1850 847 1934 primis
874 1850 981 1915 verbis
1005 1850 1169 1932 conversis
1193 1871 1266 1914 cum
1289 1849 1447 1915 trochaici

303 1957 479 2041 septenarii
509 1958 573 2023 duo
600 1957 760 2041 prodeant
787 1961 955 2040 tamquam
981 1957 1093 2022 native
1121 1956 1280 2022 facilitate
1308 1955 1447 2040 quadam

302 2062 337 2128 in
361 2085 455 2128 aures
478 2087 537 2128 sua
559 2067 676 2148 sponte
704 2084 737 2128 se
760 2063 975 2146 insinuantes,
1006 2063 1197 2147 praesertim
1225 2063 1254 2127 si
1282 2063 1447 2148 aliquanto

302 2170 507 2236 numerosius
529 2169 626 2236 hercle
643 2170 781 2252 equidem
798 2190 858 2254 pro
876 2168 974 2234 hercle
986 2171 1107 2252 quiden
1126 2190 1251 2235 mecum
1271 2169 1448 2254 scripseris,

303 2299 402 2343 unum
430 2278 494 2344 hoc
521 2281 625 2343 restat
653 2275 901 2362 expediendum,
933 2275 1010 2361 quid
1033 2275 1212 2360 praemisso
1236 2277 1271 2340 in
1293 2276 1386 2342 libris
1409 2296 1448 2340 nc

302 2385 358 2450 illo
381 2387 448 2450 fiat.
490 2383 581 2461 Quod
604 2406 646 2449 ne
669 2405 801 2469 prorsus
824 2383 928 2470 perire
951 2387 1089 2468 paterer,
1112 2406 1210 2448 ausus
1234 2406 1306 2448 sum
1329 2384 1447 2448 leniter

301 2495 463 2557 mutatum
482 2515 555 2558 cum
570 2491 681 2558 Plauti
698 2491 829 2557 nomine
849 2491 895 2556 sic
915 2491 1051 2558 sociare:
1074 2492 1109 2555 ia
1122 2490 1262 2556 Astraba
1274 2490 1445 2556 Mutina.
1543 2561 1552 2570 ,
1626 2477 1627 2500 ³

302 2597 377 2664 Non
407 2599 517 2665 nescio
550 2599 585 2664 in
616 2597 668 2663 his
706 2597 819 2682 paucis
853 2597 909 2682 qui
941 2601 1114 2682 supersunt
1145 2597 1239 2661 libris
1272 2596 1310 2662 de
1342 2597 1363 2662 l.
1391 2597 1446 2663 lat.

304 2704 486 2772 Varronem
509 2727 574 2771 non
599 2704 678 2770 alibi
701 2704 747 2769 sic
770 2703 874 2789 loqui:
898 2726 1009 2770 rerum
1027 2703 1112 2768 idem
1131 2725 1195 2767 non
1216 2703 1372 2788 intellego
1391 2727 1448 2769 eur

302 2813 335 2877 id
359 2813 459 2879 semel
483 2812 513 2878 ei
535 2793 602 2877 noh
624 2811 761 2894 licuerit,
784 2815 820 2876 ut
835 2812 875 2876 ab
891 2812 963 2876 aliis
979 2810 1203 2876 addubitatam
1218 2813 1275 2875 aut
1292 2810 1444 2876 reiectam

303 2919 450 2986 fabulam
483 2941 503 2984 a
534 2921 637 2984 semet
669 2917 825 2984 vindicari
854 2915 971 2983 Plauto
998 2921 1165 3002 tamquam
1194 2915 1229 2981 in
1258 2921 1445 2983 transcursu

301 3026 508 3111 significaret.
526 3061 571 3072 —
594 3023 746 3090 Ceterum
771 3023 1037 3108 ‘Polybadiscus'
1060 3045 1188 3107 nomen,
1210 3025 1329 3089 rectius
1352 3025 1445 3090 resti·

300 3135 408 3197 tutum
437 3130 648 3216 aScaligsro
676 3153 773 3215 quam
802 3152 875 3196 cum
899 3128 1200 3216 ‘Lampadiscus’⁸)
1223 3135 1444 3215 comparatum

300 3237 442 3326 (quando
465 3260 532 3304 non
555 3237 681 3303 exstitit
705 3237 917 3322 ‘Polybarlio'
940 3242 978 3302 ut
1001 3235 1235 3323 ‘Lampadio’),
1258 3237 1444 3321 scrupulum

300 3348 409 3410 autem
446 3344 674 3431 gravissimum
711 3343 846 3410 iniciens
880 3343 1088 3410 Lachmanno
1125 3366 1157 3429 p.
1196 3343 1272 3427 121,
1311 3345 1442 3409 memini

300 3450 501 3549 Flechciseni
529 3475 627 3520 suasu
656 3475 729 3518 cum
756 3451 795 3516 de
824 3451 875 3525 his
903 3452 999 3538 nugis
1026 3451 1110 3516 forte
1141 3471 1246 3516 sermo
1274 3451 1443 3516 incidisset

299 3579 511 3590 --.-.—.—

370 3649 399 3716 8)
418 3645 440 3700 Ε
456 3645 615 3703 Cistellaria
627 3645 710 3716 petiti
724 3645 843 3702 nominis
861 3644 1011 3716 singularis
1029 3645 1100 3702 ratio
1119 3645 1189 3700 haec
1208 3645 1259 3714 est,
1278 3643 1361 3714 qaod,
1380 3662 1441 3700 curu

299 3735 327 3791 iu
346 3735 408 3806 ipse
424 3735 521 3790 fabule
539 3733 721 3804 Demiphonis
739 3751 819 3790 servo
837 3749 938 3788 nomen
958 3733 996 3786 sit
1015 3733 1192 3803 ‘Lampadio’
1213 3735 1257 3802 (ll,
1277 3741 1302 3802 3,
1322 3740 1366 3790 50.
1394 3735 1442 3802 IV,

302 3832 325 3894 1,
345 3831 370 3880 t.
398 3825 569 3893 1V,c,1o·2.
598 3823 632 3890 V,
651 3826 687 3892 2),
708 3822 731 3876 is
750 3839 805 3877 non
824 3839 878 3876 uno
898 3821 993 3890 aliquo
1012 3821 1073 3875 loco
1092 3821 1253 3876 blandiendi
1272 3839 1356 3877 causa
1374 3825 1440 3877 ὑπο-

300 3918 458 3980 sopanus(
483 3910 705 3982 ‘Lampadiscus’
730 3911 811 3965 audit
829 3909 873 3979 (Il,
893 3903 918 3977 ff,
937 3911 974 3978 2),
992 3909 1024 3964 ut
1043 3907 1199 3980 ‘Olympio’
1224 3911 1310 3965 semel
1335 3911 1441 3981 ‘Olym-

300 4001 404 4071 piscus'
424 4001 454 4056 in
473 3999 583 4069 Casina,
603 3999 711 4069 ‘Syrus'
732 3999 818 4054 semel
838 3997 986 4067 ‘Syriscus’
1007 3997 1036 4052 in
1055 3998 1204 4068 Adelphis,
1223 3998 1292 4053 item
1313 3999 1443 4070 ‘Stepha-

300 4091 388 4145 nium’
409 4089 495 4145 semel
515 4086 791 4158 ‘Stephaniscidium’
811 4086 840 4141 iu
860 4085 965 4154 Sticho,
984 4089 1069 4154 etque
1087 4086 1157 4142 adeo
1173 4086 1315 4158 ‘Milphio’
1331 4087 1359 4144 in
1373 4090 1441 4144 Poc-

300 4179 365 4235 nulo
383 4179 469 4234 semel
485 4175 714 4250 ‘Milphidiscus',
733 4175 781 4230 sed
800 4191 962 4230 scaenarum
981 4173 1104 4228 omnium
1124 4174 1224 4244 (etiam
1242 4178 1296 4232 act.
1312 4177 1347 4245 V)
1366 4177 1440 4248 prin·

299 4267 380 4338 eipiis
404 4271 563 4324 constanter
580 4264 779 4336 praescribitur
796 4264 994 4333 Lauraruscrs,
1018 4281 1153 4334 nusquam
1177 4265 1325 4320 Lusrsuro.
1363 4265 1441 4332 Quod

299 4375 383 4426 quam
403 4358 460 4412 vim
479 4357 595 4425 habeat,
619 4373 652 4408 ex
675 4351 731 4407 illis
755 4351 933 4406 iudicandum
953 4351 1006 4407 erit
1025 4369 1096 4420 quae
1115 4351 1272 4422 significavi
1292 4353 1366 4407 haud
1386 4353 1441 4407 dis-

299 4444 403 4499 similia
424 4446 458 4500 in
486 4443 658 4501 Fleckeiseni
685 4441 784 4496 Annal.
813 4441 909 4510 philol.
938 4443 958 4496 t.
978 4442 1038 4498 0111
1062 4443 1097 4510 (a.
1120 4443 1197 4509 1871)
1225 4459 1253 4512 p.
1273 4449 1324 4497 639
1338 4461 1378 4511 sq.
1406 4443 1442 4496 dc

301 4533 511 4588 LYSIDAMVS
530 4535 560 4588 at
578 4533 610 4604 (si
630 4533 673 4587 dis
693 4529 797 4600 placet)
817 4529 974 4587 S'I'ALlNO
994 4531 1152 4586 nominibus
1171 4529 1295 4586 Carinae.
