3288 5100
549 372 626 420 srvs
650 370 898 418 ussoousnvn
922 370 1024 416 nissi.
1297 354 1363 418 535

220 515 280 579 tati
303 515 501 580 Ritschelius
530 537 630 600 quum
658 514 706 578 ita
735 513 864 578 demum
893 534 1016 577 morem
1044 533 1078 576 se
1102 516 1268 596 gesturum
1293 534 1364 578 esse

220 621 463 705 significaverit,
487 622 515 686 si
538 643 603 686 non
627 623 718 685 extra
736 621 838 684 libros
857 619 1117 703 coryphaeorum
1136 617 1267 682 illorum
1286 617 1363 684 ima·

219 727 312 811 gines
342 729 409 792 sine
439 728 536 792 dubio
564 727 724 792 litteraria
753 727 827 790 dote
851 727 1028 790 instructae
1052 727 1269 808 versarentur,
1298 725 1363 788 iam

219 834 314 898 nobis
339 857 409 900 eam
433 835 519 899 viam
543 835 701 918 reperisse
725 833 877 910 videmur,
901 833 936 898 in
958 832 1075 896 librum
1096 831 1238 914 primum
1257 831 1362 916 isago-

218 939 326 1024 gicum
348 941 389 1005 iis
414 941 552 1025 receptis
562 938 603 1026 ²²).
649 939 701 1004 Ab
729 940 903 1004 eorundem
927 941 1088 1005 sententia
1110 943 1220 1003 tamen
1244 937 1291 1002 ita
1315 960 1362 1002 re-

218 1045 374 1130 cedimus,
407 1053 443 1112 ut
466 1047 645 1112 Homerum
674 1047 803 1131 quidem
831 1047 866 1110 in
893 1047 953 1111 illa
976 1047 1108 1112 cohorte
1132 1047 1233 1110 fuisse
1256 1043 1362 1110 Gellio

217 1157 301 1218 teste
325 1153 537 1236 affirmemus,
569 1175 672 1237 neque
700 1175 776 1216 vero
800 1151 979 1217 Hesiodum
1008 1156 1103 1236 atque
1127 1151 1362 1237 Hippocratem

217 1260 441 1343 admittamus,
474 1283 572 1345 quum
604 1261 666 1325 duo
700 1259 840 1324 eiusdem
874 1259 1001 1345 generis
1031 1259 1156 1324 lumina
1186 1261 1360 1343 septenarii

216 1367 342 1432 numeri
364 1367 443 1432 fines
468 1367 635 1433 excludere
659 1367 840 1450 videantur,
868 1367 1084 1450 Hippocrates
1108 1388 1183 1430 vero
1207 1366 1241 1430 in
1265 1365 1361 1430 Grae-

216 1493 326 1537 corum
351 1475 548 1538 medicorum
572 1473 787 1555 hebdomade,
810 1495 908 1558 quam
932 1495 971 1538 ex
994 1471 1101 1536 Plinio
1124 1471 1163 1537 N.
1188 1471 1228 1536 H.
1252 1471 1360 1536 XXVI

215 1579 350 1662 §lOsq
371 1579 456 1644 eruit
475 1578 683 1663 Ritschelius,
707 1581 814 1644 locum
837 1603 929 1644 snum
953 1579 1081 1664 habeat,
1106 1583 1202 1664 atque
1226 1579 1361 1643 eandem

215 1683 391 1768 imaginem
420 1685 471 1748 bis
501 1685 704 1768 propositam
732 1686 834 1750 fnisse
862 1687 903 1752 ab
929 1686 1018 1750 omni
1041 1685 1281 1769 aequabilitatis
1304 1709 1359 1751 no

214 1791 301 1855 tione
329 1813 461 1874 prorsus
491 1790 674 1855 abhorreat
731 1790 853 1866 Quodsi
881 1796 1009 1876 praeter
1036 1791 1214 1858 Homerum
1243 1814 1359 1858 nomen

214 1896 346 1981 aliquod
380 1919 397 1960 e
427 1896 649 1962 Romanorum
682 1919 781 1982 grege
815 1898 968 1964 selectum
1001 1898 1076 1964 huic
1108 1898 1180 1963 loco
1214 1898 1360 1983 requiris,

212 2008 343 2086 praesto
377 2009 426 2068 est
458 2003 599 2087 Aeneas,
631 2025 725 2088 quern
759 2026 779 2068 a
811 2003 942 2070 Graecis
979 2005 1132 2070 heroibus
1170 2027 1359 2090 segregasse

214 2108 395 2174 Varronem
428 2109 590 2194 probabili
624 2114 816 2194 argumento
849 2109 1048 2175 Ritschelius
1081 2111 1207 2176 censuit
1241 2135 1271 2194 p.
1295 2111 1359 2175 XII

212 2220 321 2280 annot.
358 2215 447 2280 Duas
472 2219 580 2279 autem
604 2213 664 2280 has
689 2214 919 2297 hebdomadae,
943 2214 1139 2280 Graecorum
1164 2239 1271 2300 unam,
1294 2217 1384 2282 lto-e

212 2344 382 2388 manorum
406 2323 542 2387 alteram
566 2345 603 2386 eo
628 2321 763 2386 consilio
782 2320 886 2386 Varro
910 2322 943 2384 in
966 2322 1108 2404 primum
1130 2322 1251 2387 librum
1274 2345 1358 2388 rece-

211 2430 297 2513 pisse
322 2435 355 2494 et
383 2452 456 2494 cnm
484 2429 705 2512 disputatione
733 2427 901 2512 isagogica
924 2427 1128 2492 coniunxisse
1152 2429 1291 2513 videtur,
1322 2435 1358 2494 ut

212 2535 387 2619 septenarii
410 2535 536 2598 numeri
554 2535 674 2599 virtute
698 2538 848 2598 enarrata
871 2538 1037 2618 tamquam
1061 2535 1094 2598 in
1116 2536 1225 2600 fronte
1249 2536 1356 2619 operis

210 2642 319 2726 ipsum
343 2620 500 2705 librorum
524 2647 732 2724 conspectum
755 2645 964 2725 proponeret,
994 2643 1252 2726 quattuordecim
1275 2643 1356 2708 ima·

211 2748 341 2832 ginibus
365 2747 420 2832 qui
439 2747 577 2832 siugulis
596 2748 689 2811 libris
708 2746 940 2829 responderent
959 2746 1050 2812 adid
1069 2747 1212 2812 delectis.
1242 2747 1355 2833 Neque

210 2856 244 2919 in
268 2854 330 2920 hac
353 2877 386 2918 re
410 2874 533 2918 morem
556 2852 689 2918 solitum
713 2852 769 2916 ille
792 2852 933 2916 violasse
956 2853 1140 2935 credendus,
1164 2854 1190 2917 si
1215 2855 1354 2939 antiqui-

210 2962 327 3027 tatinm
342 2983 462 3026 rerum
485 2959 700 3024 humanarum
723 2963 757 3023 et
779 2959 959 3024 divinarum
984 2961 1156 3025 secundum
1181 2961 1282 3025 libros
1306 2985 1353 3027 re-

209 3091 353 3152 censum,
386 3089 481 3152 quem
515 3067 691 3152 Augustini
724 3066 879 3131 beneficio
912 3066 1079 3150 debemus,
1112 3067 1145 3131 in
1177 3068 1353 3154 isagogicis

209 3175 297 3240 illius
321 3175 428 3258 operis
452 3173 543 3238 libris
567 3173 692 3239 duobus
716 3175 919 3257 propositum
942 3173 1042 3238 fnisse
1066 3176 1233 3258 concedes,
1257 3178 1353 3258 atque

208 3283 256 3346 ita
283 3283 412 3347 demum
440 3281 479 3345 de
507 3282 687 3366 imaginum
715 3281 799 3346 libro
828 3282 861 3346 in
889 3282 994 3366 capite
1023 3282 1130 3364 posito
1159 3282 1243 3347 idem
1268 3281 1353 3366 quod

208 3389 246 3452 de
274 3389 518 3473 antiquitatiunr
546 3387 688 3452 exordiis
716 3388 851 3472 valebit,
883 3391 921 3452 ut
943 3387 1172 3453 ‘communitor
1200 3388 1289 3471 prius
1314 3389 1352 3452 de

208 3494 359 3558 omnibus
382 3492 588 3576 loqueretur?

296 3597 543 3664 Hebdomadum
574 3619 633 3681 per
664 3598 766 3664 libros
799 3600 1055 3684 quattuordecim
1087 3601 1351 3666 distributionem

208 3705 404 3770 Ritschelius
433 3705 617 3770 coniectura
640 3728 797 3791 perquam
819 3707 983 3790 probabili
1007 3712 1172 3772 assecutus
1197 3712 1247 3772 est
1269 3731 1350 3794 eam,

206 3816 243 3876 nt
269 3813 358 3895 paris
387 3813 512 3876 numeri
539 3813 615 3877 libri
640 3812 787 3897 Graecis,
815 3814 949 3899 imperis
977 3813 1134 3878 Romanis
1162 3814 1349 3881 hominibus

206 3917 303 3983 dicati
326 3917 448 3983 fuerint
471 3919 548 4003 toti,
575 3920 609 3984 in
632 3943 696 4006 qua
718 3921 813 3986 nobis
838 3943 963 4006 quoque
987 3920 1254 4005 acquiescendum
1278 3922 1349 4007 erit,

205 4025 281 4088 licet
307 4023 379 4107 ipsa
406 4047 458 4089 res
488 4026 592 4111 magis
618 4031 736 4091 natura
764 4027 1005 4092 commendetur
1028 4051 1125 4113 quam
1149 4029 1348 4113 argumentis

205 4129 419 4195 demonstrari
437 4133 550 4216 possit.
586 4133 673 4198 Nam
693 4133 846 4218 omnium,
869 4156 952 4219 quae
971 4156 1009 4200 ex
1028 4134 1080 4198 his
1104 4134 1196 4198 libris
1220 4138 1349 4199 servata

293 4377 317 4446 ²¹)
338 4377 389 4432 Cui
408 4377 509 4434 rationi
528 4395 599 4448 quae
618 4396 652 4434 cx
670 4382 763 4436 mente
777 4380 924 4436 Ritschelii
943 4382 1089 4450 praeterea
1103 4379 1214 4435 obstare
1232 4378 1345 4436 videan-

201 4468 255 4536 tnr,
274 4466 347 4522 infra
364 4467 553 4523 discutiemus.
