3288 5100
343 392 407 456 556
438 469 442 474 Ι
669 411 781 458 sauna
804 396 948 459 vnnso's
973 411 1151 459 ruucruvu

342 551 537 618 varroniani
565 554 599 618 in
627 554 717 618 vario
751 553 934 618 litterarum
967 574 1083 638 genere
1110 554 1251 618 delectus
1280 555 1422 639 vestigia
1457 556 1494 620 in

342 681 475 724 recensu
512 660 568 724 illo
606 661 908 725 florentissimorum
949 661 1165 745 ingeniorum,
1207 683 1302 745 quem
1339 661 1424 726 libro
1461 661 1493 726 X

342 765 579 842 Quinctilianus
595 766 747 848 instituit,
763 767 976 849 probabiliter
990 766 1185 831 Mercldinus
1200 790 1229 850 p.
1239 768 1278 830 12
1289 768 1382 848 [539]
1397 768 1492 832 inda-

342 873 439 957 gavit.
482 873 698 956 Quamquam,
728 877 849 958 quanta
878 875 912 938 in
935 859 996 939 hac
1020 896 1133 938 caussa
1156 875 1305 939 cautione
1329 897 1410 958 opus
1434 876 1492 958 sit,

341 1001 414 1044 oum
441 1001 556 1062 perse
585 979 785 1064 intellegitur
806 985 878 1044 tum
907 981 1010 1064 ipsius
1033 979 1203 1044 Mercklini
1228 980 1375 1064 exemplo
1399 1001 1490 1044 com·

341 1087 508 1170 probatur.
550 1086 611 1161 Qui
644 1087 671 1150 si
704 1074 735 1151 e¹
755 1087 964 1164 Quinctiliani
998 1090 1017 1168 ξ
1044 1089 1189 1153 52-56
1221 1087 1328 1151 verbis
1362 1091 1488 1170 septem

341 1194 469 1277 praeter
491 1191 669 1258 Homerum
698 1197 812 1278 poetas
836 1193 976 1260 Graecos
1004 1195 1113 1279 epicos
1141 1195 1274 1259 eruebat
1297 1192 1489 1277 Hesiodum,

341 1299 522 1382 Panyasin,
559 1299 786 1382 Apollonium,
824 1299 979 1383 Aratum,
1019 1301 1242 1384 Theocritum,
1283 1300 1489 1382 Pisandrum,

342 1404 556 1488 Nicandrum,
589 1407 706 1490 quibus
734 1407 775 1471 ab
808 1407 878 1490 ipso
908 1406 1126 1482 Quinctiliano
1157 1407 1316 1472 adiectum
1352 1411 1488 1492 propter

342 1511 558 1577 imitationem
590 1511 731 1596 Vergilii
762 1513 1006 1597 Euphorionem
1039 1513 1233 1598 coniciebat,
1265 1513 1488 1598 imprudenter

344 1617 572 1682 Antimachum
608 1619 755 1701 neglexit
790 1619 875 1683 inter
906 1619 1083 1684 Hesiodum
1122 1624 1155 1683 et
1186 1619 1349 1703 Panyasin
1387 1621 1487 1684 inter-

342 1727 469 1791 iectum.
509 1725 593 1789 Item
625 1747 697 1790 cum
725 1725 916 1791 Latinorum
949 1726 1185 1792 hebdomadem
1214 1727 1377 1810 epicorum
1410 1727 1487 1792 inde

342 1836 403 1912 a§
428 1832 470 1896 85
499 1837 719 1896 enumeratam
752 1837 860 1916 putat,
894 1855 975 1918 quae
1002 1832 1269 1916 complecteretur
1295 1831 1487 1918 Vergilium,

341 1937 499 2019 Macrum,
522 1937 715 2024 Lucretium,
737 1938 918 2004 Varronem
942 1939 1126 2021 Atacinum,
1149 1938 1299 2022 Ennium,
1325 1939 1486 2024 Ovidium,

342 2041 527 2108 Cornelium
552 2043 718 2128 Severum,
742 2045 863 2110 oblitus
888 2049 1058 2110 estunam
1082 2045 1166 2110 libro
1190 2045 1358 2130 isagogioo
1381 2068 1485 2110 reser-

341 2150 481 2214 vandum
501 2151 609 2216 fuisse.
645 2149 706 2216 Sed
724 2151 775 2214 vel
795 2151 840 2216 sic
859 2151 1096 2217 concedendum
1116 2156 1294 2216 esttamen
1314 2157 1365 2216 sat
1383 2175 1485 2236 prope

341 2257 381 2322 ad
413 2279 583 2322 numerum
615 2259 834 2342 septenarium
866 2259 993 2342 aliquot
1024 2258 1155 2342 pinacas
1187 2257 1399 2333 Quinctiliani
1432 2283 1484 2324 ac-

341 2363 460 2448 cedere,
483 2371 521 2429 ut
545 2365 599 2449 qui
622 2365 766 2449 profecto
786 2364 837 2430 vel
856 2364 972 2429 addere
991 2365 1042 2428 vel
1062 2365 1210 2430 omittere
1230 2387 1329 2428 unum
1349 2371 1382 2430 et
1403 2367 1484 2430 item

342 2471 479 2534 alterum
502 2493 621 2536 nomen
643 2471 786 2556 potuerit
805 2471 854 2535 vel
875 2473 973 2536 etiam
994 2471 1082 2536 aliud
1105 2471 1139 2535 in
1158 2471 1354 2536 Varroniani
1377 2473 1484 2538 locum

340 2581 378 2640 ut
401 2577 596 2641 obscurioris
621 2577 825 2642 substituere.
865 2577 934 2642 Neo
953 2578 1039 2642 enim
1063 2577 1264 2642 obscuriores
1288 2578 1444 2661 quosdam
1464 2603 1484 2643 a

341 2683 489 2748 Varrone
508 2684 655 2748 exclusos
675 2705 744 2747 esse
763 2685 815 2747 vel
833 2683 1028 2770 Menecratis
1048 2683 1194 2767 exemplo
1214 2683 1382 2748 architecti
1402 2687 1483 2750 satis

341 2794 478 2855 constat.
506 2827 541 2836 —
570 2788 691 2854 Verum
716 2789 801 2876 quod
823 2789 910 2854 haud
934 2790 1044 2874 paullo
1069 2790 1200 2874 gravius
1224 2811 1295 2853 esse
1318 2791 1483 2874 sentimus,

340 2898 401 2963 hoc
434 2901 496 2981 est,
533 2901 570 2961 ut
601 2918 664 2961 non
702 2919 797 2981 posse
829 2919 893 2961 non
927 2918 1027 2960 unum
1064 2895 1183 2959 librum
1214 2896 1377 2980 integrum
1410 2919 1482 2960 cum

341 3001 484 3068 Graecae
507 3008 577 3068 tum
596 3003 729 3067 Latinae
754 3003 841 3086 poesi
867 3001 1065 3067 destinatum
1085 3023 1154 3065 esse
1174 3021 1356 3087 arguamus.
1390 3003 1481 3079 Quod

341 3115 376 3174 ut
403 3112 451 3175 ita
479 3133 548 3176 esse
576 3111 766 3194 perspicias,
794 3109 957 3193 perlustra
985 3131 1104 3193 quaeso
1133 3107 1331 3175 Graecorum
1357 3109 1389 3172 in
1420 3107 1482 3173 hoc

340 3237 458 3301 genere
485 3216 697 3283 fertilitatem.
739 3216 804 3281 Fac
831 3239 929 3281 unam
960 3221 1086 3280 tantum
1119 3216 1354 3281 hebdomadam
1382 3216 1481 3299 epicis

340 3329 524 3389 concessam
548 3323 662 3388 fuisso:
687 3329 721 3388 at
744 3323 884 3388 multum
903 3345 979 3387 sane
999 3323 1092 3387 unius
1113 3323 1281 3408 augustias
1304 3322 1480 3406 lyricorum

341 3436 437 3514 atque
456 3431 672 3515 elegiacorum
693 3435 725 3494 et
747 3431 929 3514 frequentia
952 3429 1126 3513 superabat
1144 3432 1178 3493 et
1196 3427 1386 3493 certissimis
1410 3428 1479 3492 fini-

340 3537 401 3601 bus
426 3537 565 3600 discreta
587 3537 688 3602 notio.
716 3537 763 3601 Vt
781 3537 834 3601 vix
857 3537 1019 3601 immerito
1038 3537 1132 3600 unius
1157 3534 1368 3600 hebdomadis
1387 3555 1480 3618 argu-

341 3648 484 3708 mentum
514 3644 686 3709 credantur
714 3641 848 3726 Oallini,
881 3642 1083 3726 Archilochi,
1111 3641 1258 3726 Tyrtaei,
1288 3639 1480 3726 Mimnermi,

340 3749 497 3834 Philetas,
520 3749 806 3833 Hermesianactis,
829 3747 1020 3813 Callimachi
1039 3748 1150 3813 laudes
1169 3747 1366 3832 praebuisse,
1389 3747 1479 3810 item-

340 3879 401 3939 que
429 3857 524 3920 unius
553 3857 690 3920 materia
718 3879 734 3920 e
762 3877 879 3920 novem
906 3855 959 3940 qui
988 3855 1175 3919 ferebantur
1207 3853 1318 3937 lyricis
1346 3853 1479 3918 Pindari

340 3963 435 4028 sociis
459 3963 562 4046 petita
586 3985 664 4026 esse.
700 3961 775 4028 Non
794 3962 898 4048 magis
922 3962 990 4027 fieri
1015 3962 1159 4046 potuisse
1183 3961 1318 4044 videtur,
1342 3957 1419 4044 quin
1443 3981 1479 4023 ex

339 4069 538 4154 Epicharmi,
557 4067 691 4153 Cratini,
709 4069 885 4154 Eupolidis,
909 4069 1150 4153 Aristophanis,
1173 4066 1351 4150 Menandri,
1376 4064 1479 4129 Phile·

278 4184 282 4194 ’
340 4177 445 4241 monis
487 4177 584 4260 longe
621 4176 840 4240 celeberrimis
878 4176 1062 4241 nominibus
1102 4175 1226 4240 nullum
1263 4171 1479 4238 omitteretur:

339 4284 455 4368 quibus
474 4282 559 4368 quod
579 4283 736 4348 sociatum
757 4304 826 4346 esse
845 4281 1018 4366 septimum
1037 4282 1189 4362 dicamus,
1208 4281 1354 4344 intanta
1373 4277 1479 4342 multi·

339 4389 449 4454 tudine
474 4389 639 4454 incertum.
673 4388 795 4464 Quodsi
814 4388 928 4453 comici
952 4389 1114 4473 integram
1137 4385 1369 4451 hebdomadem
1389 4405 1478 4448 occu·

340 4496 477 4580 pabant,
500 4516 564 4559 non
589 4495 694 4558 minus
718 4493 816 4579 spatii
840 4493 903 4558 sihi
926 4494 1105 4579 poscebant
1128 4492 1258 4579 tragici,
1283 4491 1414 4556 tametsi
1439 4491 1478 4555 ab
