3288 5100
249 351 313 414 548
573 369 689 416 urinas
713 350 855 416 vnuao’s
880 370 1056 416 mscruvu

248 510 518 594 interpretatione
547 533 613 576 non
641 513 764 576 decimo
798 511 896 594 libro,
929 512 986 576 sed
1017 512 1114 576 tertio
1143 510 1397 576 architectorum

248 615 484 682 hebdomadam
512 617 719 682 tribuendam
743 640 827 700 esse,
855 619 979 682 eteius
1011 618 1140 702 quidem
1165 618 1241 682 libri
1263 618 1396 682 initium

248 721 371 788 fecisse.
413 723 451 788 Id
475 727 584 788 autem
608 729 664 789 aut
691 746 824 808 prorsus
848 725 1045 790 caecutimus
1069 727 1126 788 aut
1148 724 1196 788 ita
1218 747 1252 788 se
1275 724 1397 789 babere

248 831 338 895 nullo
357 835 453 914 paeto
474 829 593 913 potuit:
618 835 655 894 ut
674 829 735 893 hac
754 831 788 892 in
808 851 922 894 caussa
940 830 1120 895 cautissimi
1139 831 1261 915 alioqui
1285 831 1397 896 iudicii

249 937 353 1001 virum
381 942 495 1002 nostro
524 959 621 1002 sensu
654 935 816 1000 iudicandi
847 936 1018 1019 prudentia
1048 938 1138 1001 miris
1166 937 1270 1001 modis
1298 937 1396 1000 desti-

248 1043 356 1107 tuerit
401 1042 485 1118 Quid
517 1042 625 1107 enim?
664 1042 845 1107 secundone
882 1043 964 1106 libro
1003 1043 1183 1108 celebrasse
1215 1041 1397 1108 Varronem

248 1153 362 1232 poetas
387 1149 561 1231 credemus,
584 1148 616 1212 id
640 1147 726 1232 quod
749 1149 818 1231 ipse
842 1147 1039 1214 Mercklinus
1063 1149 1180 1214 statuit
1203 1150 1268 1233 p.9
1293 1150 1397 1232 [536]‚

248 1256 347 1320 tertio
362 1259 470 1319 autern
484 1256 640 1321 transisse
655 1256 707 1319 vel
723 1256 832 1339 potius
847 1256 1049 1320 transiluisse
1069 1279 1088 1320 a
1106 1256 1211 1339 poetis
1232 1256 1271 1320 ad
1290 1256 1397 1320 archi-

249 1364 352 1424 tectos
381 1363 619 1444 praetermissis
647 1383 764 1444 prosae
788 1362 944 1426 orationis
969 1362 1181 1444 scriptoribus
1205 1363 1392 1445 posteriori·

250 1488 311 1550 que
339 1467 412 1532 loco
441 1467 538 1532 alicui
566 1467 761 1532 reservatis?
803 1468 856 1532 An
885 1468 979 1532 unius
1008 1468 1084 1532 libri
1114 1468 1243 1532 secundi
1272 1471 1396 1552 septem

249 1573 506 1639 hebdomadibus
536 1575 628 1640 illum
657 1575 822 1640 credamus
851 1579 885 1640 et
912 1579 1025 1658 poetas
1050 1580 1082 1638 et
1108 1574 1281 1657 scriptores
1310 1596 1396 1640 com·

249 1680 402 1763 plexum?
439 1679 484 1744 Et
511 1680 573 1746 hoc
600 1685 638 1744 ut
665 1681 713 1744 ita
740 1681 886 1764 potuisse
914 1681 1041 1744 institui
1074 1681 1253 1766 largiamur
1285 1680 1396 1764 potins

250 1809 347 1869 quarn
375 1786 601 1869 concedamus,
634 1786 708 1870 quid
743 1786 874 1850 tandem
906 1786 987 1850 illud
1017 1809 1087 1850 esse
1118 1786 1276 1869 dicamus,
1310 1785 1397 1870 quod

250 1890 363 1956 Graeci
380 1896 457 1955 sunt
474 1913 609 1975 quorum
624 1892 788 1956 Ausonius
803 1891 1054 1956 architectorum
1069 1891 1306 1956 hebdomadam
1321 1914 1396 1956 enu-

251 2002 363 2080 merat,
379 1997 562 2061 alternatim
580 2000 688 2060 autem
704 1995 901 2061 Graecarum
916 1997 1198 2082 Romanorumque
1218 1999 1395 2083 imaginum

250 2102 469 2168 hebdomadas
489 2124 559 2166 sese
578 2103 741 2187 excepisse
759 2104 828 2187 ipse
847 2105 942 2168 nobis
961 2104 1097 2169 credidit
1112 2104 1307 2170 Mercklinus
1327 2128 1356 2188 p.
1366 2107 1396 2169 8.

253 2210 397 2290 13’[ἷ)35.
421 2210 513 2290 otuu
538 2213 581 2291 ut,
606 2208 737 2274 Graecis
762 2211 830 2274 sive
853 2211 959 2294 poetis
984 2210 1051 2273 sive
1075 2211 1179 2293 poetis
1204 2214 1237 2274 et
1261 2211 1395 2294 scripto·

249 2316 339 2380 ribus
369 2316 397 2380 si
425 2315 599 2380 secundum
629 2317 747 2381 librum
771 2315 877 2381 Varro
905 2317 1084 2398 tribuebat,
1115 2337 1180 2380 non
1203 2317 1308 2399 possit
1329 2338 1396 2380 non

250 2421 375 2486 Latinis
403 2421 582 2486 destinatus
611 2421 711 2487 fuisse
740 2423 865 2486 tertius.
907 2421 996 2506 Ergo
1024 2421 1089 2486 nisi
1117 2421 1194 2506 quid
1221 2443 1281 2486 nos
1309 2421 1398 2505 fugit

252 2529 302 2611 (ut
331 2528 416 2611 fugit
445 2549 521 2591 sane
550 2528 629 2592 olim
658 2529 690 2592 in
716 2527 983 2610 interpretatione
1006 2525 1133 2610 Plinii),
1162 2549 1274 2592 omnes
1302 2550 1396 2611 prae—

251 2635 358 2698 clusae
383 2635 454 2699 viae
478 2639 553 2698 sunt
576 2635 732 2700 aliorsum
763 2634 973 2717 detorquendi
1002 2633 1182 2698 testimonii
1205 2632 1398 2720 Ausoniani,

250 2741 314 2804 nisi
344 2745 380 2804 ut
412 2763 471 2824 pro
503 2741 607 2805 libro
639 2740 763 2804 decimo
798 2739 973 2804 ‘decimum
1002 2736 1196 2804 volumen'
1228 2739 1397 2804 habeatur.

251 2845 335 2910 Nam
361 2847 445 2930 quod
468 2848 648 2930 potuisse
672 2847 816 2933 singulas
841 2845 1061 2910 hebdomadas
1081 2844 1210 2929 singula
1229 2846 1397 2911 volumina

251 2973 388 3036 aequare
416 2953 611 3018 Mercklinus
644 2953 736 3037 dicit,
769 2953 801 3016 id
831 2952 959 3016 etiamsi
990 2973 1048 3034 per
1076 2972 1109 3014 se
1138 2950 1246 3016 nullas
1274 2951 1396 3018 babeat

203 3076 237 3116 Π
252 3060 486 3142 dubitationes,
518 3063 628 3123 tamen
657 3081 717 3122 sua
744 3062 860 3142 sponte
887 3055 1089 3140 intellegitur
1116 3077 1181 3120 non
1213 3079 1250 3122 eo
1279 3059 1396 3141 valere,

251 3169 287 3230 ut
315 3166 464 3230 excludat
491 3167 627 3230 alteram
659 3165 833 3248 rationem,
865 3186 929 3248 qua
962 3163 1144 3247 quindecim
1176 3163 1394 3228 voluminibus

251 3271 432 3356 quindecim
460 3273 535 3336 libri
562 3271 759 3338 Varroniani
786 3270 949 3353 dispertiti
977 3269 1076 3333 fuisse
1106 3269 1279 3334 credantur
1305 3271 1395 3336 haud

250 3378 361 3461 paullo
384 3383 421 3443 ut
444 3379 621 3462 opinamur
637 3382 670 3441 et
693 3377 872 3460 simplicius
896 3381 929 3440 et
957 3374 1167 3459 probabilius.
1209 3374 1246 3439 In
1275 3398 1338 3460 qua
1361 3399 1396 3440 re

250 3505 289 3549 ne
317 3485 395 3549 illud
429 3485 557 3569 quidem
593 3482 917 3567 praetermittendum
950 3481 1048 3565 quod,
1084 3481 1140 3564 qui
1167 3480 1206 3545 de
1234 3485 1284 3546 tot
1316 3488 1396 3567 quot

249 3589 466 3655 hebdomades
498 3590 629 3654 fuerunt
656 3589 875 3654 voluminibus
905 3587 1043 3672 cogitat,
1076 3587 1129 3651 vix
1162 3588 1283 3672 poterit
1315 3589 1395 3673 quin

250 3697 350 3762 etiam
382 3696 548 3780 prooemio
582 3695 707 3760 duabus
740 3695 816 3759 libri
844 3694 941 3778 primi
971 3693 1183 3757 hebdomadis
1217 3695 1395 3777 praemisso

251 3825 344 3866 suum
372 3803 524 3867 volumen
552 3801 729 3887 singulare,
758 3823 821 3886 quo
848 3822 889 3864 ne
917 3797 1130 3864 concinnitati
1160 3819 1291 3882 prorsus
1315 3799 1397 3865 inlu-

251 3907 358 3990 datur,
391 3908 527 3973 tribuat:
564 3930 627 3992 quo
661 3909 699 3972 fit
730 3911 767 3972 ut
798 3907 957 3971 decimum
991 3903 1141 3968 volumen
1178 3903 1280 3987 ipsius
1317 3905 1394 3970 libri

251 4013 380 4077 secundi
403 4014 580 4079 hebdomas
605 4017 762 4096 extrema,
785 4035 850 4076 non
873 4012 980 4096 prima
1002 4010 1107 4094 tertii,
1131 4016 1274 4096 occupet

339 4117 428 4203 Ergo
452 4119 492 4184 ad
520 4119 698 4204 imaginum
722 4119 867 4184 ordinem
891 4116 1130 4182 Varronianum
1160 4117 1395 4201 quadamtenus

250 4223 374 4288 finitiua
402 4225 647 4290 describendum
677 4225 705 4289 si
734 4224 829 4289 modo
859 4223 942 4287 ullus
971 4221 1078 4287 aditus
1106 4227 1213 4306 patet,
1240 4223 1316 4287 hinc
1344 4228 1396 4288 est

250 4329 519 4414 proficiscendum
537 4332 619 4396 citra
637 4331 900 4413 controversiam,
923 4332 960 4393 ut
983 4329 1017 4392 in
1040 4328 1123 4392 libro
1146 4329 1270 4394 decimo
1290 4327 1395 4393 archi-

250 4439 410 4500 tectorum
442 4436 621 4502 hebdomas
651 4435 848 4501 Graecorum
880 4434 1079 4516 conlocetur,
1112 4433 1332 4500 Romanorum
1361 4435 1395 4500 iu
