3274 5114
289 363 356 428 212
632 381 662 430 o.
685 381 848 431 svnuomr
873 383 1091 444 rnsnovmm

289 520 458 588 Nobiliore
487 525 688 609 consulibus,
718 527 831 592 morbo
854 528 1045 612 implicitum
1070 549 1107 591 ex
1131 526 1242 590 dolore
1264 547 1304 591 ao
1324 527 1433 594 taedio

289 628 482 695 amissarum
512 632 713 696 sarcinarum
741 655 821 716 quas
848 635 882 698 in
909 657 992 700 naue
1020 633 1246 718 praemiserat,
1275 655 1313 698 sc
1337 634 1434 698 simul

288 733 473 800 fabularum
504 757 584 820 quas
614 760 716 803 nouus
735 719 877 806 'fecerat
921 740 1023 805 fuisse
1049 740 1167 804 dicitur
1194 739 1346 804 mediocri
1370 745 1434 806 sta-

288 845 371 924 tura,
395 843 507 926 gracili
532 851 675 927 corpure,
698 846 806 911 colore
828 847 929 912 fusco.
966 846 1097 931 reliquit
1118 845 1230 930 filiam,
1253 867 1335 931 quae
1358 851 1434 930 post

287 948 386 1031 equiti
410 948 557 1014 Romano
580 953 705 1037 nupsit:
733 953 811 1017 item
834 953 983 1019 hortulos
1007 971 1054 1017 xx
1077 953 1226 1036 iugerum
1249 953 1303 1016 uia
1326 953 1461 1036 Appiae

288 1053 327 1117 ad
352 1053 476 1120 Martis.
514 1079 578 1141 quo
602 1058 707 1143 magis
730 1059 832 1125 miror
854 1059 1004 1126 Porcium
1029 1061 1181 1125 scribere:
1206 1055 1328 1142 ‘Scipio
1350 1057 1432 1122 nihil

287 1161 317 1224 ei
344 1161 479 1245 profuit,
507 1163 591 1228 nihil
614 1162 759 1249 Laelius,
786 1166 869 1231 nihil
891 1165 1019 1232 Furius:
1051 1189 1163 1232 eorum
1189 1164 1245 1230 ille
1269 1187 1368 1248 opera
1389 1186 1431 1228 ne

286 1267 417 1338 domum
441 1268 570 1352 quidem
589 1263 705 1336 hahuit
723 1271 978 1338 conducticiam'.
1014 1271 1111 1337 Hunc
1127 1272 1282 1336 Afranius
1302 1270 1431 1355 quidem

206 1361 211 1372 ’
286 1375 437 1439 omnibns
461 1377 592 1442 comicis
615 1377 767 1461 praefert,
790 1379 933 1444 scribens
957 1380 991 1444 in
1014 1375 1266 1463 Compitalibus:

445 1515 577 1582 Terenti
601 1541 663 1585 non
689 1521 889 1586 consimilem
913 1521 1001 1585 dicas
1025 1520 1219 1606 quempiam.
1446 1543 1473 1581 ιο

245 1675 271 1714 ³⁴
285 1655 455 1723 Volcatius
479 1664 588 1725 eutem
607 1683 674 1726 non
693 1662 799 1728 solum
820 1659 945 1728 Naeuio
965 1667 998 1727 et
1015 1663 1133 1728 Plauto
1153 1665 1187 1726 et
1206 1659 1357 1738 Caecilio,
1376 1659 1431 1724 sed

285 1819 497 1830 ———————-

359 1915 369 1958 1
391 1906 550 1960 consulibus
570 1907 662 1963 ΗΕΖ.
682 1913 812 1964 consunts
830 1911 866 1963 A.
886 1911 955 1965 con9
974 1909 1009 1966 B.
1037 1909 1118 1976 coub’
1139 1908 1167 1962 0.
1187 1914 1262 1963 cons.
1281 1907 1312 1961 F
1379 1907 1431 1961 im-

285 1991 415 2060 plicitum
434 2011 468 2048 ex
486 1994 611 2050 Rotbiue.
640 1996 779 2066 implicita
797 2014 830 2052 sc
849 2014 882 2052 ex
900 1999 936 2052 A.
962 1997 1130 2068 implicitum
1150 1997 1208 2052 acri
1226 1998 1314 2052 ceteri.
1339 1995 1431 2065 impli-

285 2083 379 2134 catum
407 2098 440 2136 ex
459 2082 625 2138 Riiecbeiiue
719 2085 763 2156 sc]
784 2085 857 2140 eto
947 2085 1024 2141 tedio
1050 2087 1116 2140 libri
1134 2091 1246 2155 praeter
1264 2085 1305 2154 B,
1329 2086 1361 2139 iu
1379 2101 1432 2154 quo

284 2169 359 2224 trdiu
378 2175 402 2224 el
416 2177 481 2239 poet
499 2191 513 2225 r
530 2174 651 2242 spatium
670 2175 789 2228 duorum
803 2176 957 2229 litterarum
975 2177 1007 2229 in
1024 2191 1135 2242 recuro,
1153 2175 1199 2230 sed
1215 2175 1332 2229 reudem
1346 2189 1432 2227 manu

284 2274 353 2314 corr.
377 2260 442 2314 ine
514 2261 745 2317 iammisserum
764 2263 794 2316 Ε
870 2263 1042 2319 sarcinarum
1061 2263 1102 2330 A,
1131 2263 1187 2318 Vct.
1207 2264 1244 2331 (a.
1263 2264 1357 2332 1512).
1388 2279 1431 2316 sa·

283 2349 408 2417 tyrerum
428 2348 464 2417 F,
484 2347 524 2404 st.
544 2350 701 2405 fabularum
720 2355 800 2406 ceteri
906 2369 978 2408 naue
997 2352 1169 2410 Ribobeliue.
1190 2352 1261 2408 naue
1280 2352 1316 2406 A.
1336 2350 1431 2405 neuim

284 2437 320 2494 1³.
339 2438 406 2494 naui
422 2441 503 2493 ceteri
560 2439 725 2510 premiserat
738 2441 828 2498 DGZ.
848 2441 1065 2512 premisseratG
1134 2447 1150 2495 ³
1170 2441 1262 2496 medio
1281 2439 1431 2496 cristatum

284 2527 311 2579 A
383 2527 510 2582 icolere
528 2527 556 2582 B
630 2529 750 2598 reliquid
768 2531 795 2584 A
877 2531 965 2586 filiam
983 2547 1033 2586 om.
1052 2529 1142 2596 1301),
1160 2531 1217 2586 odd
1245 2530 1272 2584 B
1290 2545 1357 2598 mro.

284 2631 338 2683 que
357 2615 411 2668 GZ
499 2619 564 2685 post
581 2617 616 2672 A.
636 2633 685 2674 our.
705 2621 785 2674 ceteri
870 2620 956 2674 bRo.
977 2619 1009 2675 Z.
1028 2637 1050 2674 r.
1070 2619 1100 2673 F
1186 2619 1293 2673 ortulos
1311 2614 1429 2671 BCDF.

284 2703 380 2758 hortos
399 2705 425 2758 G
497 2704 557 2772 uia,
576 2721 632 2760 uon
649 2705 678 2760 iu
698 2706 757 2776 uia,
776 2707 843 2761 iibri
915 2705 1049 2761 cllurtis
1067 2705 1231 2774 Sebopeuue.
1259 2705 1358 2760 martis
1376 2704 1429 2759 uil-

284 2791 341 2846 lam
360 2792 440 2858 libri,
463 2793 520 2847 uiei
537 2793 610 2862 quod
627 2793 756 2849 mirice
843 2795 970 2850 Porcium
990 2795 1030 2850 st.
1056 2795 1169 2866 portum
1187 2794 1275 2849 ΒΘΗ.
1302 2793 1424 2863 portium

284 2883 363 2937 cetea·
435 2882 529 2953 Scipio
549 2924 688 2938 ......
708 2883 912 2938 conducticiam
936 2886 977 2939 eie
994 2883 1167 2940 Ritsclrelius.
1205 2883 1282 2953 Quor
1299 2884 1331 2936 iu
1349 2882 1430 2935 libris

282 2972 323 3025 sic
340 2973 508 3040 interpolato
524 2978 590 3027 sum
603 2989 617 3027 c
630 2989 661 3042 p.
676 2978 743 3039 206,
758 2977 850 3042 7³qu
868 2973 957 3044 scipiu
971 2973 1041 3028 nibil
1056 2972 1163 3043 proluit
1176 2971 1247 3027 nihil
1261 2971 1343 3026 lelius
1357 2969 1428 3024 nihil

283 3059 384 3128 iurius',
409 3063 465 3114 tres
490 3075 541 3130 per
563 3061 638 3115 idem
661 3064 771 3131 tempus
794 3061 843 3131 qui
861 3061 1009 3131 agitabunt
1027 3062 1135 3118 nobiles
1153 3061 1295 3116 facillime.
1332 3075 1428 3114 eorum

283 3147 332 3202 ille
351 3165 437 3218 opera
455 3166 490 3202 ne
509 3149 624 3204 domum
643 3149 756 3218 quidem
775 3149 876 3205 hebuit
894 3151 1105 3218 conducticiam,
1125 3151 1224 3206 saltem
1239 3151 1272 3203 ut
1285 3150 1427 3217 essetque

283 3235 400 3291 referret
417 3236 524 3291 obitum
544 3237 651 3293 domiui
670 3237 804 3294 seruulus.
838 3239 892 3294 Vbi
909 3239 1080 3309 nauclerum
1098 3239 1285 3306 daemonic
1298 3237 1363 3290 baec
1376 3239 1428 3290 eet:

283 3323 370 3393 scipio
388 3323 475 3378 nichil
494 3325 599 3393 proluit
616 3327 651 3380 A.
676 3325 764 3396 scipio
783 3327 813 3381 r'rl
831 3327 937 3398 proluit
954 3326 990 3384 B.
1017 3327 1104 3397 scipio
1124 3327 1164 3381 uil
1182 3324 1290 3395 proluit
1308 3323 1426 3378 EFGZ.

283 3409 355 3466 nihil
372 3411 488 3466 Publius
508 3411 602 3483 Scipio
620 3414 726 3484 profuit
735 3417 799 3470 Ald.
849 3421 863 3470 7
880 3415 951 3470 nihil
969 3415 1050 3470 lelius
1069 3415 1098 3468 nl
1116 3413 1205 3468 furius
1218 3413 1254 3467 B.
1273 3412 1313 3466 nil
1333 3410 1427 3465 Lelins

283 3499 323 3553 nil
341 3499 429 3555 furius
444 3500 480 3557 F.
500 3501 587 3557 nichil
606 3502 703 3560 ladius.
722 3503 811 3558 furius
826 3504 860 3558 A.
880 3503 951 3558 nihil
970 3487 1095 3560 eilelius
1114 3501 1185 3558 nihil
1203 3499 1292 3556 furius
1311 3501 1391 3556 ccicri

283 3605 397 3658 operam
415 3589 528 3644 BODF
632 3596 648 3645 8
677 3591 790 3662 quidem
813 3591 926 3647 domurn
951 3592 1037 3648 GDG.
1079 3591 1212 3646 ”domum
1234 3587 1367 3658 “quidem
1389 3587 1426 3642 Ρ.

283 3677 351 3746 quid
369 3678 482 3734 domum
500 3679 528 3732 B
600 3680 776 3736 conducticia
793 3681 829 3738 A.
858 3680 1049 3736 conclutitiam
1067 3681 1103 3736 B.
1127 3677 1328 3734 conductitiam
1347 3677 1427 3732 curri

353 3751 457 3822 recalet
474 3768 501 3822 n
573 3769 681 3824 obicum
772 3770 894 3826 consens
913 3769 1009 3825 omo
1072 3768 1195 3823 namus
1214 3768 1242 3821 A
1314 3765 1380 3836 que
1399 3765 1426 3818 e

354 3857 489 3926 epreiert
508 3857 541 3912 Ζ.
569 3858 703 3928 praeferri
723 3859 781 3914 ΟΡ.
814 3855 890 3929 pfeii
907 3860 943 3914 B.
975 3857 1090 3929 preferri
1109 3857 1139 3912 D
1211 3847 1390 3910 scriberesB

282 3945 499 4014 Compitalibus]
522 3961 545 4000 u.
566 3951 604 4000 29
623 3963 653 4015 p.
673 3951 726 4001 144
744 3947 825 4002 Ribb.
901 3946 1065 4002 miserenti
1088 3963 1144 4001 nen
1169 3944 1341 4000 consimilem
1364 3943 1425 3997 Rii-

281 4033 403 4092 ocbeliuu.
422 4032 535 4088 terentii
554 4049 610 4089 non
628 4034 747 4089 similem
761 4035 796 4090 A.
816 4035 936 4090 terentio
954 4051 1010 4090 nou
1028 4035 1148 4090 similem
1168 4035 1261 4100 celem,
1278 4033 1336 4087 uisi
1353 4032 1426 4102 quod

282 4121 401 4178 similem
420 4139 474 4178 nou
493 4123 526 4178 G.
546 4124 667 4179 tereutm
687 4123 824 4180 “similem
838 4124 875 4190 F,
894 4125 940 4178 scd
958 4125 1047 4178 aliero
1064 4142 1136 4180 oruc.
1156 4139 1242 4192 ruore,
1261 4123 1326 4177 add.
1346 4121 1399 4175 “ub

283 4211 360 4266 dicus
379 4210 551 4267 Ritsebelius.
580 4212 674 4266 diceus
694 4213 766 4268 libri.
786 4213 862 4267 dices
880 4214 945 4268 Aul.
1027 4231 1081 4283 quc
1099 4213 1148 4283 pii
1166 4213 1200 4268 A.
1276 4219 1306 4266 11
1327 4210 1425 4264 Volua

283 4299 338 4354 tius
358 4299 399 4353 F.-
417 4303 495 4370 oprrd
513 4301 631 4357 Gellium
652 4299 720 4368 XV,
738 4305 785 4356 24.
805 4301 944 4356 ucleatius
961 4301 1131 4358 Bennoi.
1152 4299 1294 4356 Vulcanus
1312 4299 1339 4353 A

282 4387 364 4441 uenio
384 4387 579 4444 ABGDEFZ
644 4389 793 4460 explente
813 4389 919 4445 excelio
938 4391 972 4445 A.
993 4393 1022 4445 et
1039 4391 1136 4460 plauto
1156 4392 1185 4444 et
1202 4389 1319 4444 caecilio
1337 4389 1426 4454 ceteri,

282 4477 339 4530 mhi
356 4477 428 4544 quod
446 4479 544 4534 cecilio
563 4479 701 4534 Reum
