3288 5100
280 383 344 447 518
609 400 723 446 11001111
747 385 893 448 vanno’s
917 401 1095 448 1111011111

279 541 395 625 positis
420 543 636 607 voluminibus
661 546 763 606 artem
787 544 947 627 complexi
971 544 1038 608 sint
1060 544 1211 628 (qnorum
1235 544 1268 609 111
1290 567 1425 612 numero

279 649 345 712 iam
376 649 595 734 intellegimus
620 649 799 714 Varronem
829 649 959 734 fuisse),
990 654 1022 714 et
1051 650 1142 714 miris
1172 651 1322 716 laudibus
1347 653 1426 717 cele-

280 755 367 820 brari
392 760 424 821 01
442 756 605 839 Polyclito
625 755 755 839 Myroni
773 755 981 841 Pythagorae
1001 757 1140 842 aequari.
1177 757 1350 823 Praeterea
1366 782 1426 824 nee

278 861 422 944 profecto
450 863 536 926 inter
564 862 758 927 architectos
789 863 908 927 clarior
930 862 1131 928 Menecrates
1158 863 1234 948 fnit,
1263 888 1322 930 nec
1345 865 1427 930 illud

277 953 610 1051 praetermittendum,
632 991 699 1033 non
723 969 859 1034 liberam
882 969 1024 1034 Varroni
1048 971 1213 1054 optionem
1235 971 1346 1056 fuisse,
1370 971 1426 1036 sed

278 1074 505 1138 necessitatem
538 1075 647 1158 potius
680 1097 791 1140 eorum
824 1075 1078 1160 deligendorum,
1111 1099 1248 1161 quorum
1280 1077 1425 1142 alicunde

279 1181 401 1262 petitas
425 1181 584 1266 imagines
608 1183 643 1246 in
665 1185 819 1266 promptu
843 1181 985 1247 haberet.
1032 1183 1121 1259 Quae
1145 1184 1239 1248 venia
1262 1184 1361 1248 etiam
1385 1184 1425 1249 ad

280 1285 500 1370 Pythagoram
524 1289 675 1372 pertinet,
698 1288 751 1353 1111
774 1288 994 1352 inlustriorem
1013 1289 1196 1374 Alcamene,
1221 1289 1425 1374 Agoracrito,

281 1391 439 1472 Ctesilao,
467 1394 549 1461 aliis.
594 1394 716 1458 Verum
741 1417 778 1460 οο
801 1397 911 1459 tamen
935 1395 1039 1480 maior
1061 1396 1271 1480 Telephanis,
1300 1398 1424 1461 sicum

281 1501 397 1564 ceteris
421 1500 600 1584 confertur,
628 1500 819 1585 ignobilitas
844 1502 959 1585 valuit,
983 1505 1020 1565 ut
1042 1503 1179 1566 multum
1203 1505 1312 1567 aetate
1337 1507 1425 1567 ante·

281 1607 397 1671 cedens
416 1607 597 1692 Lysippum
620 1607 696 1671 huic
719 1610 827 1672 tamen
849 1611 1101 1691 postponeretur
1125 1631 1144 1672 a
1164 1607 1284 1673 Plinio:
1308 1631 1383 1673 nam
1409 1633 1428 1674 0

280 1711 426 1777 Varrone
455 1713 585 1797 quidem
616 1712 759 1777 dubitari
781 1712 894 1796 nequit
917 1714 994 1797 quin
1018 1714 1073 1778 ille
1097 1737 1170 1779 cum
1193 1713 1310 1779 Phidia
1333 1715 1428 1799 Poly·

280 1819 358 1884 clito
377 1818 514 1903 Myrone
534 1819 726 1904 Pythagora
749 1819 952 1884 consociatus
978 1821 1030 1904 sit,
1054 1843 1135 1904 quos
1158 1843 1291 1904 prorsus
1315 1821 1429 1886 eodem

281 1925 392 1990 or'dine
422 1925 598 1992 collocatos
629 1925 730 1989 habes
760 1925 794 1988 in
823 1929 916 2009 parte
947 1925 1176 2012 chronologica
1203 1926 1303 1991 Plinii
1330 1929 1351 2007 ξ
1374 1929 1428 1994 49.
1455 1949 1459 1958 ·

281 2029 328 2096 At
350 2033 426 2097 1010
450 2031 505 2114 qui
529 2030 607 2094 item
630 2027 888 2113 praemittendus
907 2030 1053 2116 Lysippo
1076 2031 1148 2111 fuit,
1170 2031 1351 2098 Praxiteles
1373 2055 1429 2098 cur

281 2141 315 2202 et
341 2136 492 2200 ultimum
514 2137 621 2200 locum
645 2157 801 2220 occupare
826 2141 859 2202 et
882 2137 952 2202 sine
976 2136 1044 2202 ullo
1069 2138 1150 2202 artis
1173 2139 1293 2205 iudicio
1318 2139 1428 2204 dimis-

282 2267 337 2310 sus
375 2265 444 2307 esse
476 2242 665 2327 putabitur?
715 2244 852 2309 Permiri
890 2267 968 2310 00110
1004 2245 1109 2328 primo
1147 2252 1278 2331 aspectu
1311 2251 1344 2311 01
1379 2271 1430 2313 01-

282 2350 367 2416 dinis
400 2353 433 2413 et
465 2349 588 2415 silentii
621 2371 768 2414 caussam
800 2350 887 2415 felici
920 2350 1067 2416 acumine
1100 2352 1227 2436 aperuit
1257 2352 1431 2419 Brunnius.

283 2457 408 2541 Quippe
440 2455 617 2521 ‘marmore
645 2456 783 2541 felicior,
815 2457 887 2523 ideo
916 2460 948 2522 et
976 2457 1094 2523 clarior
1120 2457 1198 2524 fnit'
1226 2459 1297 2544 ipso
1324 2459 1430 2526 indice

282 2564 390 2629 Plinio
419 2566 439 2644 ἕ
463 2563 519 2628 69:
551 2585 615 2647 quo
643 2563 810 2648 proprium
842 2564 872 2628 ei
899 2565 1006 2629 locum
1035 2565 1068 2628 in
1094 2566 1311 2650 sculptoribus
1336 2567 1429 2632 attri-

283 2671 385 2736 buens
416 2669 496 2744 satis
528 2669 690 2755 significat
720 2691 776 2735 cur
804 2693 823 2734 a
853 2671 1051 2756 reliquorum
1076 2673 1306 2738 statuariorum
1330 2674 1429 2738 00010

283 2780 351 2842 tate
382 2775 588 2841 V'arroniana
624 2781 661 2840 ut
693 2776 882 2841 alieniorem
916 2778 1099 2843 seiunxerit.
1154 2779 1243 2864 Ergo
1275 2779 1429 2845 iudicium

285 2903 413 2969 quoque
436 2881 474 2946 de
499 2881 567 2945 eins
591 2885 661 2946 arte
685 2881 870 2947 aVarrone
894 2883 1016 2947 factum
1039 2885 1212 2968 posteriori
1231 2886 1270 2950 de
1289 2886 1429 2970 sculpto-

282 2990 372 3054 ribus
402 2987 617 3072 disputationi
645 3010 842 3074 reservasse,
871 3011 908 3054 eo
933 2994 1042 3055 autem
1066 2989 1332 3057 loeo-immemor
1354 3013 1430 3058 con-

283 3095 349 3160 silii
370 3093 592 3178 imprudenter
616 3095 764 3160 omisisse
787 3095 922 3160 videtur.
964 3095 1054 3172 Quae
1078 3099 1186 3162 antem
1209 3098 1294 3162 10110
1318 3102 1431 3164 contra

282 3201 477 3266 Praxitelem
500 3200 584 3285 apud
607 3200 758 3283 Plinium,
782 3201 894 3266 eadem
918 3199 1003 3286 apud
1026 3203 1131 3286 ipsum
1151 3202 1341 3290 Varronem,
1364 3207 1430 3272 nisi

284 3308 470 3374 coniectura
492 3307 588 3390 fallit,
612 3311 726 3373 contra
741 3305 879 3392 Scopam
903 3308 1014 3372 valuit.
1052 3307 1113 3374 Oui
1137 3309 1323 3377 suuslocus
1343 3317 1430 3378 10010

283 3415 318 3478 in
348 3415 549 3498 sculptorum
571 3414 773 3480 hebdomade
796 3414 872 3498 fnit,
904 3415 1061 3499 siquidem
1085 3437 1149 3481 uno
1173 3417 1304 3483 tandem
1329 3441 1429 3485 aeneo

284 3543 380 3605 opere
404 3521 580 3586 statuarius
603 3521 655 3587 101
678 3521 823 3586 innotuit
845 3522 896 3587 101
916 3522 1084 3588 inclaruit:
1108 3525 1212 3607 quode
1230 3525 1264 3589 in
1282 3525 1431 3591 Historia

285 3628 443 3692 artificum
476 3628 539 3693 vol.
567 3627 582 3691 I
614 3651 644 3712 p.
673 3629 739 3694 325
772 3627 853 3693 dixit
885 3629 1058 3694 Brunnius.
1086 3668 1129 3675 -—
1158 3629 1219 3695 His
1252 3632 1360 3717 igitur
1384 3634 1431 3698 sic

284 3733 459 3818 disputatis
481 3733 565 3799 nihil
589 3734 655 3799 iam
678 3735 828 3819 impedit,
859 3737 1031 3820 quominus
1055 3737 1232 3802 statuariae
1257 3739 1336 3804 artis
1358 3761 1431 3824 pro·

285 3862 372 3905 ceres
393 3839 497 3906 Varro
520 3841 583 3906 hoc
607 3841 718 3906 ordine
742 3845 774 3905 et
793 3841 999 3925 descripsisse
1018 3847 1051 3908 et
1070 3843 1249 3910 delineasse
1268 3847 1431 3912 credatur:

285 3945 476 4032 Phidiam,
506 3948 758 4033 Polyclitum,
781 3947 993 4034 Myronem,
1021 3927 1297 4037 Pythagoram,
1321 3951 1431 4017 Tele-

284 4053 462 4140 phanem,
485 4053 738 4134 Praxitelem,
761 4053 977 4139 Lysippum.

374 4159 463 4225 Haec
487 4163 562 4224 sunt
585 4182 667 4244 quae
691 4160 729 4224 de
753 4165 943 4246 argumento
963 4167 996 4227 et
1014 4163 1229 4248 dispositione
1248 4163 1431 4232 Hebdoma-

286 4266 361 4330 dum
392 4267 444 4331 vel
474 4267 549 4331 00111
579 4267 629 4332 101
659 4289 731 4332 oum
760 4267 869 4352 aliqua
897 4269 1130 4352 probabilitate
1153 4272 1257 4338 conici
1280 4278 1432 4356 possunt:

286 4373 467 4444 001010101
491 4373 628 4438 obscura
651 4375 703 4438 101
726 4375 881 4460 ambigua
903 4376 1020 4442 omnia.
1064 4377 1156 4443 lnter
1177 4379 1298 4444 librum
1321 4400 1431 4445 secun·

286 4477 376 4563 dum,
406 4501 468 4564 quo
496 4483 627 4565 poetae,
657 4483 690 4546 et
717 4484 754 4545 ut
780 4485 934 4566 putamus
959 4483 1021 4548 soli
1043 4489 1159 4570 poetae
1183 4485 1431 4570 comprehende·
