3302 5106
684 403 937 454 uosrsronrcrs.
1318 387 1384 453 413

237 549 358 614 tionem
381 547 461 613 illud
481 551 598 631 movet,
622 547 707 632 quod
726 549 761 611 iu
780 547 891 612 allatis
910 568 950 612 cx
969 567 1007 610 co
1026 545 1109 610 libro
1124 546 1231 610 verbis
1246 547 1385 631 vestigia

237 677 393 739 apparere
423 677 631 720 numerorum
661 655 811 720 videntur
840 653 871 720 h.
895 675 921 720 e.
949 653 1045 720 unius
1074 657 1107 717 et
1134 653 1261 718 dimidii
1289 655 1385 720 hexa-

237 762 342 827 metri.
388 761 594 846 Quamquam
618 761 680 826 hoe
704 762 811 846 ipsum
837 761 916 826 satis
941 783 1011 826 esse
1035 761 1194 824 incertum
1218 761 1385 828 sentimus.

326 867 419 945 Quod
442 873 512 934 tam
535 868 634 952 plane
654 872 688 932 et
706 867 872 932 evidenter
895 867 1023 951 aliquot
1047 865 1202 949 exemplis
1227 869 1387 951 apparuit,

236 974 270 1040 id
298 973 440 1039 dubitari
469 975 522 1038 vix
550 979 660 1058 potest
687 975 767 1060 quin
796 975 895 1038 latius
923 977 1036 1057 pateat
1063 977 1099 1036 et
1125 973 1165 1038 ad
1194 995 1233 1036 ea
1259 995 1386 1058 quoque

237 1081 445 1164 pertinuerit,
477 1102 614 1164 quorum
642 1103 728 1146 nunc
751 1081 834 1145 latet
856 1080 954 1144 ratio.
1000 1077 1085 1144 Nam
1111 1080 1187 1164 quid
1210 1080 1386 1146 necessitu-

237 1187 323 1251 dinis
355 1187 577 1252 intercesserit
607 1187 694 1252 inter
724 1185 842 1252 Catum
874 1191 908 1251 et
942 1186 1118 1250 liberorum
1152 1186 1387 1270 educationem,

236 1292 440 1358 Tuberonem
473 1297 506 1358 ct
538 1293 674 1378 originis
703 1295 862 1360 humanae
892 1293 1177 1376 disceptationem,
1210 1293 1383 1358 Curionem

238 1404 270 1464 ct
289 1399 420 1470 deorum
447 1401 583 1484 cultum,
606 1400 754 1466 Atticum
778 1405 812 1466 et
834 1421 1002 1466 munerum
1026 1400 1207 1483 notionem,
1235 1400 1384 1483 Pappum

237 1511 270 1570 et
301 1505 513 1590 indigentiae,
545 1506 694 1574 Orestem
722 1515 756 1574 et
784 1509 945 1592 insaniae,
978 1529 1015 1572 eo
1045 1507 1193 1591 profecto
1221 1506 1385 1588 incertius,

237 1611 322 1695 quod
345 1634 385 1676 ne
409 1613 472 1696 qui
495 1613 618 1680 fuerint
641 1616 769 1700 quidem
793 1617 832 1680 de
856 1615 1006 1681 omnibus
1029 1619 1166 1680 constat
1208 1611 1284 1678 Non
1308 1635 1385 1678 saue

236 1719 347 1803 inepte
374 1719 548 1802 suspiceris
577 1742 712 1806 egenum
743 1709 846 1788 fuissc'
867 1721 1029 1806 Pappum,
1061 1721 1184 1805 pietate
1208 1741 1286 1804 erga
1307 1720 1385 1784 deos

238 1825 399 1911 insignem
423 1824 611 1892 Curionem:
640 1829 697 1892 sed
720 1833 829 1894 tamen
854 1850 913 1894 nec
936 1829 1008 1893 laus
1032 1849 1151 1913 magna
1173 1826 1288 1892 talium
1311 1847 1384 1890 con·

238 1932 432 1998 iecturarum
455 1955 514 1998 nec
538 1934 626 2000 fides.
672 1935 717 2002 Et
740 1935 847 2002 Oresti
871 1936 943 2022 quis
968 1936 1031 2000 sibi
1055 1934 1250 2020 persuadeat
1273 1933 1312 1998 de
1335 1933 1383 1998 in·

239 2040 332 2104 sauia
354 2041 471 2106 librum
497 2041 637 2108 dicatum
663 2065 732 2108 esse
750 2043 930 2108 honorifica
947 2043 1126 2108 voluntatis
1145 2042 1385 2124 testificatione,
1441 2066 1450 2084 κ

240 2146 326 2229 quod
353 2148 387 2211 in
415 2149 502 2214 illius
531 2151 674 2216 indolem
697 2151 807 2236 aliquo
831 2151 927 2218 modo
951 2151 1041 2216 notio
1065 2151 1212 2216 insaniae
1235 2148 1384 2214 caderet?

240 2251 288 2316 De
312 2275 375 2336 quo
399 2256 526 2339 quidem
552 2259 698 2342 exemplo
721 2259 769 2322 sic
792 2258 902 2340 potius
927 2256 1133 2320 statuendum
1156 2255 1296 2338 videtur,
1324 2256 1382 2319 ali-

237 2381 301 2444 qua
325 2383 402 2426 sane
425 2362 458 2426 in
482 2384 607 2446 caussa,
630 2385 686 2426 cur
710 2362 749 2426 ad
773 2361 956 2424 Romanum
975 2359 1123 2424 Orestem
1147 2361 1185 2424 de
1209 2361 1268 2424 teli
1292 2380 1384 2443 argu·

237 2471 347 2530 mento
363 2466 468 2531 Varro
488 2467 652 2549 scriberet,
669 2466 872 2550 cognominis
892 2465 1126 2550 cogitationem
1145 2465 1254 2532 herois
1272 2465 1381 2532 fuisse.

240 2569 414 2636 Praeterea
428 2571 611 2637 adventicia
625 2593 695 2635 esse
713 2571 869 2637 leviorum
889 2593 996 2638 rerum
1011 2573 1102 2638 varia
1117 2574 1245 2640 occasio
1263 2576 1383 2658 potuit:
1451 2609 1456 2621 ·

239 2675 270 2738 id
302 2677 386 2760 quod
414 2678 493 2743 adeo
522 2681 703 2742 monstrare
726 2682 814 2744 ccrto
838 2679 985 2763 exemplo
1009 2679 1093 2746 licet
1139 2678 1288 2764 Namque
1311 2703 1383 2746 eum

239 2781 479 2868 logistoricum,
507 2805 523 2847 e
551 2807 614 2868 quo
643 2785 773 2849 uberior
802 2807 898 2869 quam
927 2807 944 2848 c
972 2785 1106 2868 reliquis
1129 2793 1276 2868 superest
1298 2787 1383 2872 frag-

238 2894 420 2956 mentorum
443 2892 546 2976 copia,
569 2892 624 2977 qui
648 2896 698 2956 est
716 2893 753 2956 dc
771 2892 874 2956 lebercs
891 2892 1064 2969 educandis,
1089 2891 1128 2956 ad
1143 2889 1261 2958 Catum
1275 2892 1381 2960 Varro
1395 2913 1430 2955 xl

238 2998 370 3082 scripsit
392 3003 576 3085 propterea,
599 3000 684 3085 quod
708 3000 746 3064 de
770 3021 807 3064 eo
831 3001 904 3083 ipso
929 3001 1121 3084 argumento
1145 2996 1303 3064 Varronis
1328 3001 1383 3066 ille

238 3107 434 3172 seutentiam
459 3108 678 3192 exquisivcrat
702 3107 828 3191 sibique
853 3109 889 3172 ut
911 3106 1121 3171 consiliorum
1146 3103 1274 3172 adiutor
1298 3113 1384 3173 esset

235 3219 417 3297 rogaverat.
458 3213 664 3302 Intellegitur
687 3215 773 3282 enim
798 3214 859 3280 boc
884 3235 921 3278 ex
946 3213 987 3278 iis
1011 3213 1117 3278 uerbis
1142 3235 1162 3276 a
1180 3211 1288 3278 Nonio
1311 3237 1383 3298 pro·

237 3317 314 3383 ditis
343 3343 373 3404 p.
398 3322 449 3404 l‘l,
482 3322 599 3404 quibus
627 3321 744 3388 (latum
773 3325 909 3406 apparet
937 3320 971 3386 in
999 3321 1070 3405 ipso
1099 3319 1174 3384 libri
1203 3320 1336 3386 exordio
1363 3345 1383 3386 a

235 3421 384 3490 Varrone
407 3427 639 3509 compellatum
658 3450 742 3492 esse:
772 3428 871 3492 Varro
885 3426 961 3492 Gau
975 3427 1021 3492 uel
1034 3427 1070 3490 de
1084 3425 1187 3492 libera
1199 3429 1380 3494 educandis:

234 3531 316 3609 quod
335 3532 443 3612 petisti
469 3537 505 3595 ut
531 3534 596 3598 eius
618 3533 807 3598 asanais
828 3533 932 3614 fierem
955 3531 1010 3596 ubi
1032 3533 1144 3614 sociae,
1174 3536 1277 3615 quoad
1291 3537 1383 3616 potui

234 3636 457 3702 adminiculari
480 3641 566 3703 tuam
588 3639 775 3702 voluntatem
792 3637 963 3703 scribendo.¹
988 3635 1050 3702 Sed
1068 3639 1097 3703 is
1116 3639 1246 3722 quidem
1262 3639 1381 3707 Catus

236 3742 308 3826 quis
332 3742 445 3827 fuerit,
477 3745 713 3829 incompertum
736 3743 841 3808 nobis.
886 3741 960 3807 Nisi
989 3742 1230 3826 quod-praeter
1252 3744 1381 3812 Aeliam

235 3853 365 3932 gentem
389 3847 488 3916 (latos
518 3853 626 3918 nullos
656 3851 822 3918 exstitisse
852 3849 1016 3934 novimus,
1047 3849 1145 3934 prisci
1173 3855 1281 3916 autem
1310 3851 1380 3920 Sex.

234 3954 322 4020 Aelii
337 3956 429 4022 Paeti
445 3956 519 4048 Cati
538 3979 639 4043 genus
664 3964 734 4025 tum
756 3981 823 4025 uon
847 3958 1042 4024 exstinctum
1065 3957 1166 4024 fuisse
1189 3957 1265 4024 binc
1288 3959 1381 4026 disci-

235 4084 316 4146 mus,
340 4064 426 4146 quod
451 4066 526 4129 anni
551 4065 615 4130 756
640 4067 803 4131 consulem
826 4065 904 4130 fasti
928 4064 1072 4149 produnt
1094 4062 1165 4130 Sex.
1190 4064 1319 4130 Aelium
1343 4067 1380 4143 Q.

235 4167 270 4234 F.
293 4167 419 4235 Catum.
466 4169 616 4236 Ceterum
640 4173 853 4238 inveteratum
878 4195 990 4236 eorum
1015 4193 1166 4254 errorem,
1191 4172 1246 4254 qui
1270 4195 1379 4258 perpe-

234 4297 303 4340 ram
328 4277 533 4362 interpretati
556 4279 639 4342 hanc
662 4279 924 4345 testimoniorum
948 4277 1087 4342 formam
1103 4277 1190 4342 ‘Octo
1213 4277 1259 4342 vel
1276 4281 1312 4343 dc
1330 4281 1380 4345 lib.

233 4381 328 4448 edice?
352 4384 393 4448 ad
417 4385 560 4468 aliquem
584 4382 750 4469 Catonem,
773 4387 872 4450 immo
897 4385 936 4449 ad
961 4385 1064 4468 ipsum
1082 4383 1271 4449 Censorium
1295 4384 1381 4451 huuc

234 4489 458 4574 logistoricum
483 4493 687 4577 rettulerunt,
710 4493 790 4558 satis
814 4499 866 4558 est
888 4491 984 4558 hodie
1008 4491 1124 4558 leviter
1142 4492 1380 4577 perstrinxisse.
