3274 5114
663 324 941 372 conunurnnrvs.
1306 311 1372 377 263

227 467 359 532 simimm
379 488 442 532 nen
459 467 581 532 dicetis
602 468 777 550 quempiam
791 465 839 553 (id
855 467 939 552 quod
954 468 1113 534 suadebat
1126 469 1371 558 Buechelerus):

228 595 310 657 quae
339 574 424 638 enirn
453 573 672 638 insolentioris
697 595 774 638 sane
799 574 1033 640 conlocationis
1057 575 1205 660 exempla
1226 576 1371 644 Naekius

160 693 164 700 '
227 681 383 745 tractavit
405 681 440 744 in
459 677 566 744 Veler.
590 677 660 745 Get.
684 703 713 763 p.
736 679 802 744 295
818 702 873 765 sq.,
897 681 1006 746 aliena
1029 682 1079 746 vel
1102 686 1275 768 propterea
1297 687 1373 748 sunt

228 787 313 870 quod
335 786 412 851 telis
435 787 566 852 licentia
588 789 758 870 poetarum
785 808 851 852 non
875 787 963 852 cedit
985 787 1019 852 in
1040 787 1102 853 hoc
1125 809 1226 874 genus
1250 791 1371 855 scaeni-

228 915 309 958 cum.
345 891 493 979 Denique
516 915 533 957 e
556 886 658 958 dicem
681 893 842 977 scriptura
863 915 930 958 nou
952 895 1059 960 minus
1084 895 1249 962 commode
1274 917 1370 980 quam

226 999 312 1064 dieas
329 999 396 1063 erui
415 1000 516 1065 dicem
528 999 724 1064 Ribbeckius
744 1000 870 1065 monuit
888 1001 1066 1084 verissime,
1089 1001 1122 1065 id
1146 1007 1255 1066 autem
1278 1006 1371 1068 acute

227 1105 308 1169 vidit
331 1107 476 1189 spectare
500 1105 540 1170 ad
564 1105 767 1170 adversarios
792 1109 824 1170 et
852 1105 1087 1170 obtrectatores
1116 1129 1225 1191 posse,
1253 1109 1370 1192 quibus

227 1212 260 1276 in
283 1211 418 1296 prologo
442 1212 506 1276 isto
521 1211 676 1276 Afranius
695 1212 901 1296 respondisse
919 1211 1082 1277 videretur
1105 1213 1255 1280 similiter
1274 1218 1370 1299 atque

227 1318 343 1383 Luscio
366 1317 535 1383 Lanuvino
559 1318 740 1383 Terentius.
778 1317 902 1382 Harum
925 1318 1027 1404 igitur
1050 1319 1223 1384 coniuncta
1246 1323 1295 1386 vis
1319 1345 1370 1386 eo-

223 1424 422 1508 gitationum
445 1445 511 1488 non
533 1425 642 1507 potuit
664 1446 716 1488 me
733 1445 801 1489 non
820 1446 949 1490 movere
964 1425 1042 1510 quin
1055 1426 1258 1509 probabilius
1273 1449 1370 1512 quam

226 1529 305 1594 olim
334 1529 457 1595 factum
487 1533 537 1594 est
568 1533 683 1614 poetae
714 1552 847 1595 manum
875 1530 938 1596 hoc
964 1532 1112 1616 exemplo
1140 1533 1267 1598 restitui
1296 1557 1369 1600 con·

225 1634 370 1700 fiderem:

387 1739 510 1806 Terenti
532 1761 667 1806 nurnine
687 1741 821 1806 sterilem
843 1742 952 1806 dicent
972 1743 1169 1825 paeceptum?

226 1848 292 1913 Vbi
311 1849 339 1914 si
353 1849 407 1932 qui
421 1869 573 1913 erumnam
586 1847 808 1932 praetulerint,
827 1851 940 1932 optare
960 1871 1018 1913 suo
1034 1850 1193 1916 arbitratu
1206 1855 1370 1936 poterunt.

313 1953 390 2036 Peg.
405 1955 496 2030 213,1
518 1977 577 2039 pro
601 1956 636 2019 in
649 1954 779 2020 Irineoue
802 1976 898 2040 aegre
921 1956 1113 2042 perspicitur
1136 1957 1212 2042 quid
1230 1960 1370 2024 moverit

226 2062 405 2128 Robertum
437 2060 605 2146 Vngerum
641 2067 679 2127 ut
715 2061 766 2126 ‘in
801 2061 900 2128 Lino'
939 2063 1088 2128 suaderet
1126 2061 1369 2130 Subsicivcrum

226 2167 473 2252 Brandenburgi
501 2165 586 2232 Novi
615 2189 642 2232 a.
669 2169 753 2234 1854
782 2169 942 2234 editorum
969 2192 1000 2252 p.
1024 2169 1058 2233 3:
1092 2170 1294 2234 coniectandi
1317 2172 1368 2234 vel

225 2275 334 2358 potius
356 2271 536 2338 hariolandi
559 2294 686 2358 genere,
709 2278 746 2339 ut
768 2274 863 2339 nobis
886 2274 1022 2357 videtur,
1045 2275 1136 2339 valde
1160 2273 1368 2341 infructuoso.

225 2381 328 2457 Quam
356 2380 442 2444 euim
465 2380 628 2445 veteribus
657 2379 716 2444 illa
737 2379 809 2463 ipsa
832 2379 1001 2462 inscriptio
1026 2378 1246 2444 miscellcrum
1269 2380 1367 2446 libro·

225 2509 296 2552 rum
319 2487 478 2570 placuerit
502 2507 583 2570 quae
606 2486 657 2550 vel
672 2485 797 2563 Λειμών
820 2484 883 2549 fuit
901 2485 952 2550 vel
966 2485 1125 2564 Λειμῶνεε
1143 2485 1195 2550 vel
1211 2483 1367 2550 ‘Pratum’

226 2593 275 2657 vel
300 2591 439 2676 ‘Prata'‚
472 2597 523 2658 set
550 2592 646 2658 certis
675 2591 872 2655 testimoniis
900 2613 972 2656 cum
997 2590 1095 2656 Gellii
1118 2593 1189 2656 tum
1211 2592 1310 2658 Plinii
1335 2594 1368 2658 in

225 2699 495 2783 praefationibus,
523 2697 641 2764 Suidae
665 2721 693 2762 v.
716 2696 902 2781 Πάμφιλος,
929 2697 1096 2782 ipsiusque
1120 2699 1266 2782 exemplo
1292 2697 1367 2763 Sue·

225 2806 307 2870 tonii
341 2809 482 2870 constat:
520 2826 579 2869 nec
612 2828 629 2868 e
660 2803 818 2868 Plinianis
847 2801 1045 2867 Gellianisve
1077 2803 1184 2866 verbis
1216 2803 1249 2867 id
1283 2805 1367 2888 quod

226 2911 374 2998 Vngcrus
402 2901 573 2996 argutatur
600 2909 667 2974 ullo
696 2909 791 2973 modo
820 2909 1035 2993 consequitur.
1086 2905 1208 2974 Contra
1235 2908 1366 2976 ‘Mnus’

224 3018 279 3082 ille
304 3015 381 3102 quid
404 3017 466 3082 sibi
490 3016 578 3099 velit,
601 3017 656 3080 vix
679 3037 717 3080 ac
739 3037 779 3080 ne
803 3015 857 3079 vix
880 3013 1011 3100 quidem
1033 3015 1262 3101 intellegimus.
1298 3015 1367 3083 Nec

226 3124 330 3208 magis
355 3122 518 3186 Andream
542 3121 714 3188 Schottum
736 3143 901 3188 moramur
928 3123 963 3186 in
984 3121 1101 3187 [rebem
1123 3122 1366 3188 comminiscen-

225 3235 291 3294 tem
313 3228 434 3295 Nodor.
458 3226 557 3294 Cicer.
581 3245 622 3292 111
645 3250 671 3293 c.
692 3229 741 3292 10.

313 3335 452 3400 Versat
470 3335 583 3400 sedam
600 3334 744 3414 motibus]
768 3333 887 3400 Poetae
906 3334 1034 3418 quidem
1055 3333 1232 3402 Ciceroni
1255 3361 1365 3422 quem-

225 3443 273 3507 vis
296 3441 401 3506 multe
423 3440 640 3506 condonemus
665 3461 746 3524 quae
770 3441 804 3504 in
827 3443 989 3505 oratorem
1012 3441 1101 3506 nullo
1125 3443 1220 3508 modo
1240 3443 1365 3527 cadant,
1379 3462 1418 3502 ser

225 3553 334 3614 temen
361 3551 429 3612 tam
456 3546 511 3611 ille
539 3567 651 3630 expers
680 3547 857 3631 elegantiae
885 3569 925 3612 ne
953 3547 986 3612 in
1015 3549 1212 3614 carminibus
1236 3550 1365 3634 quidem

226 3655 287 3720 fuit
309 3657 347 3720 ut
369 3655 420 3718 vel
442 3653 524 3718 baec
547 3652 715 3718 scriberet:
739 3657 772 3718 tn
794 3673 917 3735 meum,
939 3655 993 3734 qni
1008 3703 1014 3716 .
1030 3703 1037 3718 .
1051 3703 1058 3717 .
1072 3674 1248 3735 capraram
1266 3655 1366 3720 telina

224 3783 308 3828 uoce
329 3761 541 3826 Menandrum
563 3761 598 3824 in
621 3761 755 3824 medinm
777 3759 864 3825 nobee
884 3761 998 3825 sedatis
1019 3759 1171 3824 uocibus
1193 3759 1290 3840 effers,
1314 3762 1365 3826 vel

224 3889 289 3934 nou
312 3868 420 3932 minus
443 3867 560 3952 frigide
582 3867 765 3952 proximum
788 3889 915 3932 versum
938 3867 1038 3932 talem
1061 3867 1196 3932 faceret:
1218 3867 1367 3950 eumdum

224 3995 305 4040 corne
331 3975 482 4057 loquens
509 3979 597 4056 atque
624 3975 730 4039 munia
756 3973 860 4038 dalem
885 3974 1018 4039 dicens.
1069 3971 1114 4038 ut
1140 3973 1208 4038 illic
1237 3972 1364 4058 quidem

226 4081 287 4144 etsi
310 4073 397 4146 nihil¹
415 4079 487 4144 vitii
510 4079 561 4144 vel
575 4079 810 4146 Valckenarius
833 4079 867 4142 in
890 4077 1055 4146 Theocriti
1078 4079 1232 4144 Adoniau.
1254 4101 1285 4162 p.
1301 4079 1365 4144 330

224 4187 275 4250 vel
307 4177 487 4252 Meinekius
519 4185 654 4269 praefat.
685 4186 853 4252 Menandri
886 4209 916 4270 p.
940 4203 1064 4250 xxxvn
1095 4185 1252 4266 suspicati
1281 4189 1365 4270 sunt,

225 4315 335 4358 verum
357 4315 432 4358 raro
456 4291 602 4376 exemplo
625 4291 781 4357 Barthius
804 4291 887 4356 vidit
911 4289 1177 4356 Adversariorum
1201 4307 1320 4374 xxxrv,
1345 4291 1363 4356 7

224 4400 337 4466 sedatae
358 4398 515 4465 motibus
539 4397 737 4462 substituens
761 4421 819 4482 pro
841 4397 954 4464 sedatae
976 4395 1113 4475 niocetae,
1136 4394 1222 4482 quod
1244 4416 1284 4460 ne
1307 4419 1365 4482 per
