3294 5104
597 406 872 454 orscmmnnsvu
895 406 1017 454 morus
1312 389 1376 454 363

238 549 461 634 scriptoribus,
483 549 538 633 qui
561 549 752 614 detrunceris
775 547 874 613 latine
897 548 1093 632 scripserint,
1116 548 1259 613 referens
1278 549 1377 613 etiam
1420 535 1423 541 ¹

234 658 427 722 Varronem:
452 677 547 741 quem
570 655 678 722 locum
701 655 778 735 §13
802 654 1024 720 tractabimus.
1070 651 1193 719 Contra
1216 654 1377 738 imprimis

232 765 294 828 huc
319 763 399 828 facit
421 762 567 827 Incertus
592 763 630 827 de
654 762 876 846 grammatica,
899 784 995 847 quem
1017 760 1237 848 Augustinum
1259 760 1377 844 ferunt,

235 895 265 956 p.
290 871 377 936 2008
401 869 450 954 Ρ.,
472 869 530 934 ubi
554 868 779 933 adverbiorum
802 869 1018 934 numeralium
1041 869 1074 933 in
1097 872 1151 933 rir‘ri
1175 872 1208 932 et
1229 868 1264 932 in
1286 877 1302 931 ὀ
1326 889 1377 932 ex-

233 977 379 1042 euntium
402 975 576 1041 discrimen
599 975 645 1040 sic
670 975 859 1058 explicatur:
895 977 1024 1040 serrendo
1051 979 1154 1040 333333
1176 977 1220 1040 ad
1240 975 1378 1040 ordinem

227 1087 373 1168 pertinet,
404 1082 569 1148 secundam
597 1083 641 1146 ad
665 1101 846 1146 numerum:
878 1087 914 1147 ut
935 1087 1015 1164 pum
1042 1102 1111 1146 curn
1138 1083 1220 1161 dico,
1250 1083 1378 1148 semndc

231 1193 333 1273 taetris
355 1196 400 1256 est
421 1189 534 1268 consul,
552 1189 687 1271 pertinet
708 1192 744 1251 nt
765 1189 834 1253 diri
855 1190 899 1253 ud
915 1189 1062 1266 ordinem,
1084 1191 1166 1271 quod
1177 1190 1282 1272 prium
1300 1189 1379 1253 atter

231 1299 333 1379 facua
360 1299 401 1364 sit
428 1295 526 1360 etsie
552 1296 630 1360 atter
656 1296 794 1360 meando.
839 1316 909 1360 3333
936 1297 1191 1363 summittimus
1213 1297 1379 1362 secundum

233 1405 338 1472 maa
359 1404 405 1470 cet
428 1404 551 1467 tert-ium
573 1403 619 1467 uel
641 1407 787 1484 prrartum
809 1403 855 1468 cet
876 1404 1017 1485 quintum
1039 1404 1084 1467 cet
1107 1407 1234 1488 sentum,
1257 1405 1300 1469 ad
1321 1424 1379 1468 33-

233 1533 353 1577 aarum
378 1513 525 1594 pertinet,
556 1510 638 1592 quod
667 1509 763 1576 series
791 1510 889 1590 frunt
919 1511 1033 1576 camut.
1062 1559 1068 1574 .
1098 1560 1106 1575 .
1133 1561 1141 1575 .
1173 1509 1244 1576 Hoc
1280 1511 1379 1577 Varro

233 1620 378 1686 distinxit
394 1620 434 1682 in
452 1618 562 1683 libris
579 1637 824 1682 3333333333.
856 1617 1010 1682 Erratum
1029 1621 1080 1682 est
1099 1617 1188 1682 libris
1206 1639 1265 1701 pro
1285 1618 1379 1682 libro:

234 1726 488 1810 Disciplinarum
512 1728 620 1790 autem
644 1727 769 1788 certum
787 1723 906 1788 librum
925 1723 1072 1810 cogitari,
1096 1745 1159 1808 quo
1178 1723 1217 1786 de
1236 1723 1379 1787 numeris

234 1832 339 1898 Varro
364 1831 496 1920 egisset,
520 1831 700 1896 luculenter
724 1830 945 1896 demonstrare
968 1831 1044 1895 licet
1066 1828 1185 1894 collato
1210 1828 1317 1894 Gellio
1340 1829 1379 1911 X,

238 1941 266 2023 1,
289 1939 340 2004 cui
365 1960 423 2004 sua
446 1939 543 2003 debet
565 1933 691 2004 Nonius
716 1959 747 2020 p.
769 1935 849 2002 435:
879 1936 977 2002 Verba
1000 1938 1047 2002 M.
1068 1937 1219 2003 Varronis
1242 1957 1280 2002 33
1303 1935 1379 2001 libro

238 2045 485 2126 Disciplinarum
503 2047 609 2127 quinto
627 2042 700 2108 baec
717 2048 806 2109 suut:
830 2043 920 2109 aliud
936 2049 979 2109 cst
996 2050 1106 2127 qrmrta
1119 2050 1295 2127 praetorem
1311 2045 1381 2127 fieri

234 2159 263 2218 et
283 2157 443 2236 quartum,
465 2152 547 2234 quod
567 2156 677 2233 quarto
701 2151 799 2216 333333
822 2152 1018 2234 arlsipniticot
1040 2173 1076 2216 ac
1100 2157 1159 2218 tres
1182 2157 1254 2217 ante
1274 2151 1381 2231 factas,

233 2265 379 2341 assartum
403 2264 519 2343 tenipus
542 2259 738 2342 udsipuipicat
761 2262 788 2321 et
812 2262 856 2320 ter
878 2263 949 2322 anto
969 2258 1097 2338 fact-run.
1136 2259 1231 2340 ipitur
1253 2258 1381 2322 Ennius

235 2371 311 2432 rectu
332 2368 426 2448 quod,
434 2368 558 2449 scripsit
580 2365 726 2446 ‘ertntus
744 2369 834 2445 pater
857 2369 1003 2445 33333333
1024 2365 1062 2446 fit
1083 2363 1214 2445 conurl',
1236 2369 1265 2428 ct
1287 2363 1378 2428 Pom·

232 2476 320 2556 peius
343 2473 448 2538 tinu'rle
471 2475 550 2552 quart
572 2475 607 2536 in
629 2473 755 2549 theatro,
777 2491 815 2534 nc
835 2471 1017 2536 adscriberet
1035 2469 1151 2536 ‘consul
1170 2469 1307 2535 tcrtium'
1326 2475 1382 2536 aut

236 2579 366 2658 ‘tertio',
389 2585 539 2644 33333333
562 2579 681 2642 litteras
702 2597 767 2641 333
788 2578 919 2658 scripsit.
966 2577 1087 2654 Quodsi
1110 2577 1190 2642 haec
1214 2577 1255 2642 ab
1279 2577 1381 2661 ipsius

236 2689 314 2752 artis
343 2685 569 2750 arithmeticae
598 2684 649 2749 vel
678 2683 809 2749 notione
838 2684 891 2747 rel
918 2707 978 2749 usu
1007 2685 1088 2749 satis
1118 2684 1223 2749 aliens
1254 2683 1383 2766 dixeris,

181 2873 183 2879 Ι
236 2794 317 2858 scire
342 2791 451 2875 velim,
480 2791 514 2854 in
538 2812 635 2874 quam
659 2789 758 2854 aliam
783 2791 886 2854 artem
911 2788 1154 2874 disciplinamve
1178 2786 1220 2873 (si
1245 2789 1286 2853 ab
1310 2791 1383 2873 ipsa

237 2899 450 2985 grammatica
473 2896 658 2982 recesseris)
684 2896 794 2962 eadem
819 2896 927 2979 aptius
951 2900 1081 2961 etcum
1105 2895 1226 2960 maiore
1245 2897 1381 2960 necessi·
1397 2917 1422 2956 rs

236 3007 313 3070 tatis
347 3004 453 3088 specie
486 3003 701 3068 conveniant?
747 3003 974 3086 Reputandum
1007 3007 1057 3068 est
1088 3002 1174 3068 enim
1207 3025 1279 3068 eum
1312 3025 1382 3068 esse

239 3111 433 3195 Varronem,
462 3112 516 3196 qui
545 3111 579 3176 in
602 3111 717 3195 quovis
741 3130 857 3194 genere
881 3111 1130 3195 grammaticum
1155 3112 1231 3194 agat
1253 3113 1383 3193 praeter

237 3223 352 3285 cetera.
397 3219 511 3310 Itaque
536 3220 633 3284 variis
657 3241 865 3285 numerorum
888 3218 1077 3283 notionibus
1101 3239 1183 3301 quae
1207 3216 1310 3282 indita
1333 3239 1381 3282 cs-

105 3389 109 3394 .
238 3328 310 3390 sent
342 3326 512 3409 vocabula,
543 3348 609 3392 non
638 3325 798 3392 incuriose
831 3348 903 3390 eum
934 3326 968 3388 in
997 3325 1080 3389 libro
1111 3324 1149 3388 de
1178 3324 1383 3390 arithmetica

238 3433 399 3512 docuisse,
427 3433 490 3497 alio
515 3455 643 3517 quoque
666 3433 813 3516 exemplo
842 3433 973 3516 probari
1004 3430 1194 3522 conicimus,
1222 3432 1307 3515 quod
1331 3435 1381 3496 est

239 3539 323 3622 apud
348 3538 549 3604 l'riscianum
574 3539 612 3602 de
636 3537 689 3622 fig.
711 3560 799 3601 num.
822 3561 853 3620 p.
880 3536 963 3601 1356
978 3537 1013 3600 P.
1036 3537 1099 3601 401
1117 3537 1185 3602 Κ3.“;
1208 3538 1269 3602 duc
1291 3559 1382 3620 asses,

238 3645 346 3725 dussis,
369 3646 555 3728 stupuimus,
580 3645 692 3728 tressis,
714 3645 903 3726 quadrassis,
926 3643 1066 3722 massis,
1089 3645 1219 3728 cicessis,
1243 3645 1386 3723 tricessis,

237 3753 463 3834 quadrcpcssis‚
493 3751 737 3835 quinqueremis,
766 3750 946 3832 scaapcssis,
975 3752 1187 3832 scptuupcssis,
1217 3753 1382 3832 octcpcssis,

161 3899 165 3914 ·
240 3859 428 3939 ucnapcssis,
460 3861 619 3938 centussis,
646 3863 717 3942 post
746 3877 835 3940 quem
864 3876 1029 3921 3333333333
1058 3861 1127 3921 tastc
1156 3855 1294 3921 Varrone
1319 3879 1383 3922 nou

239 3969 463 4044 componuntur
485 3987 553 4029 curu
575 3987 644 4032 asse
665 3966 796 4032 uunmri.
833 3962 883 4028 Ns
907 3962 966 4027 ills
989 3961 1118 4047 quidem
1142 3986 1162 4028 a
1184 3963 1245 4028 tali
1268 3967 1382 4028 tructa-

239 4070 329 4134 tione
353 4068 576 4134 arithmeticae
599 4072 773 4138 abhorrere
796 4069 959 4153 videntur,
988 4091 1069 4154 quae
1098 4093 1115 4135 e
1139 4070 1285 4136 Varrone
1309 4068 1382 4133 Gel-

241 4177 304 4240 lius
327 4174 391 4257 Ill,
418 4175 457 4237 14
488 4177 647 4258 excerpsit
676 4178 714 4242 de
745 4177 928 4242 discrimine
960 4177 1109 4246 dimidius
1142 4181 1174 4240 et
1203 4177 1384 4240 dintidiatus

242 4281 482 4346 vocabulorum.
527 4279 613 4345 Nam
644 4283 685 4345 ab
714 4283 786 4366 ipso
817 4281 923 4347 Gellio
953 4285 1112 4347 tractatos
1140 4305 1210 4347 esse
1233 4281 1382 4366 Discipli-

241 4411 356 4454 narum
381 4387 483 4452 libros
508 4386 582 4450 aliis
606 4409 732 4470 quoque
755 4389 955 4454 documentis
978 4389 1064 4453 infra
1082 4391 1221 4472 patefiet.
1251 4387 1383 4454 Falsum

242 4500 291 4561 est
315 4499 437 4579 autem,
465 4493 551 4581 quod
573 4493 697 4579 placuit
720 4493 857 4561 Bartbio
881 4495 1051 4562 Adversar.
1074 4494 1136 4582 VI,
1159 4498 1194 4580 6,
1225 4519 1263 4561 ex
1286 4497 1383 4562 arith·
