<?xml version="1.0" encoding="UTF-8"?>
<!DOCTYPE html PUBLIC "-//W3C//DTD XHTML 1.0 Transitional//EN"
    "http://www.w3.org/TR/xhtml1/DTD/xhtml1-transitional.dtd">
<html xmlns="http://www.w3.org/1999/xhtml" xml:lang="en" lang="en">
 <head>
  <title>
</title>
<meta http-equiv="Content-Type" content="text/html;charset=utf-8" />
  <meta name='ocr-system' content='tesseract 3.04.00' />
  <meta name='ocr-capabilities' content='ocr_page ocr_carea ocr_par ocr_line ocrx_word'/>
</head>
<body>
  <div class='ocr_page' id='page_1' title='image "./fridericiritsch09wachgoog_0222.png"; bbox 0 0 3274 5114; ppageno 0'>
   <div class='ocr_carea' id='block_1_1' title="bbox 597 355 1376 420">
    <p class='ocr_par' dir='ltr' id='par_1_1' title="bbox 597 355 1376 420">
     <span class='ocr_line' id='line_1_1' title="bbox 597 355 1376 420; baseline 0.001 -1"><span class='ocrx_word' id='word_1_1' title='bbox 597 369 815 420; x_wconf 68' lang='lat' dir='ltr'>recensuri</span> <span class='ocrx_word' id='word_1_2' title='bbox 838 371 1023 420; x_wconf 77' lang='lat' dir='ltr'>ensurius.</span> <span class='ocrx_word' id='word_1_3' title='bbox 1314 355 1376 420; x_wconf 81' lang='grc'>197</span> 
     </span>
    </p>
   </div>
   <div class='ocr_carea' id='block_1_2' title="bbox 229 513 1377 728">
    <p class='ocr_par' dir='ltr' id='par_1_2' title="bbox 229 513 1377 728">
     <span class='ocr_line' id='line_1_2' title="bbox 230 513 1377 601; baseline -0.001 -20"><span class='ocrx_word' id='word_1_4' title='bbox 230 516 379 601; x_wconf 86' lang='lat' dir='ltr'>exempla</span> <span class='ocrx_word' id='word_1_5' title='bbox 405 516 444 582; x_wconf 90' lang='lat' dir='ltr'>de</span> <span class='ocrx_word' id='word_1_6' title='bbox 471 514 523 580; x_wconf 86' lang='lat' dir='ltr'>bis</span> <span class='ocrx_word' id='word_1_7' title='bbox 550 515 733 581; x_wconf 85' lang='lat' dir='ltr'>necessaria</span> <span class='ocrx_word' id='word_1_8' title='bbox 755 515 956 600; x_wconf 88' lang='lat' dir='ltr'>decerpenda</span> <span class='ocrx_word' id='word_1_9' title='bbox 979 519 1064 580; x_wconf 86' lang='lat' dir='ltr'>sunt.</span> <span class='ocrx_word' id='word_1_10' title='bbox 1109 513 1267 582; x_wconf 83' lang='lat' dir='ltr'>Afranius</span> <span class='ocrx_word' id='word_1_11' title='bbox 1290 565 1297 582; x_wconf 87' lang='lat'><strong>.</strong></span> <span class='ocrx_word' id='word_1_12' title='bbox 1317 567 1324 581; x_wconf 95' lang='lat'><strong>.</strong></span> <span class='ocrx_word' id='word_1_13' title='bbox 1343 565 1377 582; x_wconf 91' lang='lat'>..</span> 
     </span>
     <span class='ocr_line' id='line_1_3' title="bbox 229 621 602 728; baseline -0.005 -40"><span class='ocrx_word' id='word_1_14' title='bbox 229 622 365 728; x_wconf 82' lang='lat' dir='ltr'>Plautus</span> <span class='ocrx_word' id='word_1_15' title='bbox 388 623 423 688; x_wconf 91' lang='lat' dir='ltr'>in</span> <span class='ocrx_word' id='word_1_16' title='bbox 445 621 602 688; x_wconf 77' lang='lat' dir='ltr'>Astraba:</span> 
     </span>
    </p>
   </div>
   <div class='ocr_carea' id='block_1_3' title="bbox 265 727 1431 852">
    <p class='ocr_par' dir='ltr' id='par_1_3' title="bbox 265 727 1431 852">
     <span class='ocr_line' id='line_1_4' title="bbox 265 727 1431 852; baseline 0.003 -22"><span class='ocrx_word' id='word_1_17' title='bbox 265 727 364 830; x_wconf 77' lang='lat' dir='ltr'>Dare</span> <span class='ocrx_word' id='word_1_18' title='bbox 387 765 551 850; x_wconf 82' lang='lat' dir='ltr'>pe‘dibus</span> <span class='ocrx_word' id='word_1_19' title='bbox 574 765 768 852; x_wconf 77' lang='lat' dir='ltr'>protinam</span> <span class='ocrx_word' id='word_1_20' title='bbox 794 768 878 832; x_wconf 74' lang='lat' dir='ltr'>sese</span> <span class='ocrx_word' id='word_1_21' title='bbox 902 767 947 833; x_wconf 87' lang='lat' dir='ltr'>ab</span> <span class='ocrx_word' id='word_1_22' title='bbox 970 765 1031 834; x_wconf 88' lang='lat' dir='ltr'>his</span> <span class='ocrx_word' id='word_1_23' title='bbox 1054 762 1348 851; x_wconf 79' lang='lat' dir='ltr'>regionibus.&#39;¹¹)</span> <span class='ocrx_word' id='word_1_24' title='bbox 1397 784 1431 834; x_wconf 81' lang='lat'>14</span> 
     </span>
    </p>
   </div>
   <div class='ocr_carea' id='block_1_4' title="bbox 231 905 1472 1102">
    <p class='ocr_par' dir='ltr' id='par_1_4' title="bbox 231 905 1472 1102">
     <span class='ocr_line' id='line_1_5' title="bbox 232 905 1378 996; baseline 0.003 -24"><span class='ocrx_word' id='word_1_25' title='bbox 232 905 298 972; x_wconf 88' lang='lat' dir='ltr'>Vbi</span> <span class='ocrx_word' id='word_1_26' title='bbox 330 912 461 974; x_wconf 71' lang='lat' dir='ltr'>mirone</span> <span class='ocrx_word' id='word_1_27' title='bbox 492 909 544 974; x_wconf 84' lang='lat' dir='ltr'>rel</span> <span class='ocrx_word' id='word_1_28' title='bbox 574 910 748 976; x_wconf 69' lang='lat' dir='ltr'>meamea</span> <span class='ocrx_word' id='word_1_29' title='bbox 779 908 911 996; x_wconf 86' lang='lat' dir='ltr'>quidam</span> <span class='ocrx_word' id='word_1_30' title='bbox 938 909 1073 976; x_wconf 85' lang='lat' dir='ltr'>codices.</span> <span class='ocrx_word' id='word_1_31' title='bbox 1102 947 1146 956; x_wconf 87' lang='lat'>-</span> <span class='ocrx_word' id='word_1_32' title='bbox 1177 907 1227 972; x_wconf 90' lang='lat' dir='ltr'>De</span> <span class='ocrx_word' id='word_1_33' title='bbox 1254 909 1378 994; x_wconf 84' lang='lat' dir='ltr'>triplici</span> 
     </span>
     <span class='ocr_line' id='line_1_6' title="bbox 231 1011 1472 1102; baseline 0.002 -24"><span class='ocrx_word' id='word_1_34' title='bbox 231 1011 337 1080; x_wconf 80' lang='lat' dir='ltr'>forma</span> <span class='ocrx_word' id='word_1_35' title='bbox 360 1013 505 1082; x_wconf 84' lang='lat' dir='ltr'>adverbii</span> <span class='ocrx_word' id='word_1_36' title='bbox 529 1015 721 1100; x_wconf 71' lang='lat' dir='ltr'>explicatius</span> <span class='ocrx_word' id='word_1_37' title='bbox 744 1015 811 1082; x_wconf 80' lang='lat' dir='ltr'>dixi</span> <span class='ocrx_word' id='word_1_38' title='bbox 834 1015 951 1100; x_wconf 89' lang='lat' dir='ltr'>Opusc.</span> <span class='ocrx_word' id='word_1_39' title='bbox 974 1014 1110 1100; x_wconf 86' lang='lat' dir='ltr'>phil.11</span> <span class='ocrx_word' id='word_1_40' title='bbox 1133 1037 1164 1102; x_wconf 89' lang='lat' dir='ltr'>p.</span> <span class='ocrx_word' id='word_1_41' title='bbox 1186 1015 1253 1082; x_wconf 80' lang='lat'>244</span> <span class='ocrx_word' id='word_1_42' title='bbox 1268 1037 1337 1102; x_wconf 90' lang='lat' dir='ltr'>sqq.</span> <span class='ocrx_word' id='word_1_43' title='bbox 1467 1079 1472 1088; x_wconf 93' lang='grc'>,</span> 
     </span>
    </p>
   </div>
   <div class='ocr_carea' id='block_1_5' title="bbox 624 1333 977 1402">
    <p class='ocr_par' dir='ltr' id='par_1_5' title="bbox 624 1333 977 1402">
     <span class='ocr_line' id='line_1_7' title="bbox 624 1333 977 1402; baseline -0.006 0"><span class='ocrx_word' id='word_1_44' title='bbox 624 1334 698 1402; x_wconf 90' lang='lat' dir='ltr'>VH.</span> <span class='ocrx_word' id='word_1_45' title='bbox 744 1333 977 1402; x_wconf 81' lang='lat' dir='ltr'>BACARIA.</span> 
     </span>
    </p>
   </div>
   <div class='ocr_carea' id='block_1_6' title="bbox 224 1476 1376 2719">
    <p class='ocr_par' dir='ltr' id='par_1_6' title="bbox 224 1476 1376 2719">
     <span class='ocr_line' id='line_1_8' title="bbox 317 1476 1376 1564; baseline 0 -22"><span class='ocrx_word' id='word_1_46' title='bbox 317 1476 502 1543; x_wconf 79' lang='lat' dir='ltr'>Macrobius</span> <span class='ocrx_word' id='word_1_47' title='bbox 525 1477 653 1545; x_wconf 80' lang='lat' dir='ltr'>Satura.</span> <span class='ocrx_word' id='word_1_48' title='bbox 681 1478 744 1564; x_wconf 86' lang='grc' dir='ltr'><strong>ΙΙΙ,</strong></span> <span class='ocrx_word' id='word_1_49' title='bbox 777 1479 817 1544; x_wconf 89' lang='grc'>16</span> <span class='ocrx_word' id='word_1_50' title='bbox 845 1479 885 1544; x_wconf 87' lang='lat' dir='ltr'>ab</span> <span class='ocrx_word' id='word_1_51' title='bbox 914 1477 1024 1542; x_wconf 91' lang='lat' dir='ltr'>initio:</span> <span class='ocrx_word' id='word_1_52' title='bbox 1055 1476 1134 1543; x_wconf 79' lang='lat' dir='ltr'>‘Nec</span> <span class='ocrx_word' id='word_1_53' title='bbox 1161 1478 1376 1562; x_wconf 83' lang='lat' dir='ltr'>acipenser‚</span> 
     </span>
     <span class='ocr_line' id='line_1_9' title="bbox 229 1583 1376 1672; baseline -0.002 -22"><span class='ocrx_word' id='word_1_54' title='bbox 229 1606 325 1670; x_wconf 90' lang='lat' dir='ltr'>quem</span> <span class='ocrx_word' id='word_1_55' title='bbox 354 1585 459 1651; x_wconf 89' lang='lat' dir='ltr'>maria</span> <span class='ocrx_word' id='word_1_56' title='bbox 487 1586 633 1672; x_wconf 82' lang='lat' dir='ltr'>prodigis</span> <span class='ocrx_word' id='word_1_57' title='bbox 662 1585 825 1670; x_wconf 88' lang='lat' dir='ltr'>nutriunt,</span> <span class='ocrx_word' id='word_1_58' title='bbox 854 1583 942 1650; x_wconf 89' lang='lat' dir='ltr'>illius</span> <span class='ocrx_word' id='word_1_59' title='bbox 965 1583 1086 1649; x_wconf 87' lang='lat' dir='ltr'>saeculi</span> <span class='ocrx_word' id='word_1_60' title='bbox 1109 1584 1240 1650; x_wconf 84' lang='lat' dir='ltr'>delicies</span> <span class='ocrx_word' id='word_1_61' title='bbox 1263 1585 1376 1667; x_wconf 80' lang='lat' dir='ltr'>euasit,</span> 
     </span>
     <span class='ocr_line' id='line_1_10' title="bbox 227 1690 1375 1779; baseline -0.002 -22"><span class='ocrx_word' id='word_1_62' title='bbox 227 1695 261 1757; x_wconf 87' lang='lat' dir='ltr'>et</span> <span class='ocrx_word' id='word_1_63' title='bbox 279 1696 316 1757; x_wconf 87' lang='lat' dir='ltr'>ut</span> <span class='ocrx_word' id='word_1_64' title='bbox 333 1692 457 1779; x_wconf 89' lang='lat' dir='ltr'>liqueat</span> <span class='ocrx_word' id='word_1_65' title='bbox 476 1693 616 1758; x_wconf 85' lang='lat' dir='ltr'>secundo</span> <span class='ocrx_word' id='word_1_66' title='bbox 630 1693 753 1760; x_wconf 90' lang='lat' dir='ltr'>Punico</span> <span class='ocrx_word' id='word_1_67' title='bbox 772 1692 859 1758; x_wconf 89' lang='lat' dir='ltr'>bello</span> <span class='ocrx_word' id='word_1_68' title='bbox 879 1691 1003 1758; x_wconf 76' lang='lat' dir='ltr'>celebre</span> <span class='ocrx_word' id='word_1_69' title='bbox 1022 1712 1141 1756; x_wconf 86' lang='lat' dir='ltr'>nornen</span> <span class='ocrx_word' id='word_1_70' title='bbox 1159 1690 1256 1756; x_wconf 87' lang='lat' dir='ltr'>huius</span> <span class='ocrx_word' id='word_1_71' title='bbox 1275 1690 1375 1775; x_wconf 89' lang='lat' dir='ltr'>piscis</span> 
     </span>
     <span class='ocr_line' id='line_1_11' title="bbox 227 1796 1375 1886; baseline -0.001 -23"><span class='ocrx_word' id='word_1_72' title='bbox 227 1799 338 1884; x_wconf 79' lang='lat' dir='ltr'>fuisse,</span> <span class='ocrx_word' id='word_1_73' title='bbox 362 1801 500 1886; x_wconf 88' lang='lat' dir='ltr'>accipite</span> <span class='ocrx_word' id='word_1_74' title='bbox 521 1803 559 1865; x_wconf 90' lang='lat' dir='ltr'>ut</span> <span class='ocrx_word' id='word_1_75' title='bbox 580 1799 768 1864; x_wconf 90' lang='lat' dir='ltr'>meminerit</span> <span class='ocrx_word' id='word_1_76' title='bbox 791 1799 860 1864; x_wconf 90' lang='lat' dir='ltr'>eius</span> <span class='ocrx_word' id='word_1_77' title='bbox 875 1797 1010 1863; x_wconf 89' lang='lat' dir='ltr'>Plautus</span> <span class='ocrx_word' id='word_1_78' title='bbox 1033 1797 1068 1862; x_wconf 94' lang='lat' dir='ltr'>in</span> <span class='ocrx_word' id='word_1_79' title='bbox 1090 1796 1202 1862; x_wconf 89' lang='lat' dir='ltr'>fabula</span> <span class='ocrx_word' id='word_1_80' title='bbox 1224 1819 1306 1882; x_wconf 85' lang='lat' dir='ltr'>quae</span> <span class='ocrx_word' id='word_1_81' title='bbox 1325 1798 1375 1862; x_wconf 92' lang='lat' dir='ltr'>in-</span> 
     </span>
     <span class='ocr_line' id='line_1_12' title="bbox 225 1903 1374 1992; baseline -0.001 -21"><span class='ocrx_word' id='word_1_82' title='bbox 225 1907 378 1972; x_wconf 73' lang='lat' dir='ltr'>scribitur</span> <span class='ocrx_word' id='word_1_83' title='bbox 409 1907 593 1992; x_wconf 84' lang='lat' dir='ltr'>bacebaria,</span> <span class='ocrx_word' id='word_1_84' title='bbox 621 1928 660 1971; x_wconf 85' lang='lat' dir='ltr'>ex</span> <span class='ocrx_word' id='word_1_85' title='bbox 686 1926 826 1990; x_wconf 87' lang='lat' dir='ltr'>persona</span> <span class='ocrx_word' id='word_1_86' title='bbox 851 1903 1001 1990; x_wconf 75' lang='lat' dir='ltr'>parasiti:</span> <span class='ocrx_word' id='word_1_87' title='bbox 1034 1903 1124 1989; x_wconf 87' lang='lat' dir='ltr'>‹quis</span> <span class='ocrx_word' id='word_1_88' title='bbox 1152 1906 1203 1969; x_wconf 91' lang='lat' dir='ltr'>est</span> <span class='ocrx_word' id='word_1_89' title='bbox 1226 1905 1374 1970; x_wconf 89' lang='lat' dir='ltr'>mortalis</span> 
     </span>
     <span class='ocr_line' id='line_1_13' title="bbox 224 2011 1374 2097; baseline -0.001 -19"><span class='ocrx_word' id='word_1_90' title='bbox 224 2016 318 2078; x_wconf 84' lang='lat' dir='ltr'>tauta</span> <span class='ocrx_word' id='word_1_91' title='bbox 348 2013 479 2078; x_wconf 85' lang='lat' dir='ltr'>fortuna</span> <span class='ocrx_word' id='word_1_92' title='bbox 511 2011 656 2078; x_wconf 85' lang='lat' dir='ltr'>adiectus</span> <span class='ocrx_word' id='word_1_93' title='bbox 687 2033 842 2097; x_wconf 89' lang='lat' dir='ltr'>umquam</span> <span class='ocrx_word' id='word_1_94' title='bbox 872 2033 937 2097; x_wconf 89' lang='lat' dir='ltr'>qua</span> <span class='ocrx_word' id='word_1_95' title='bbox 966 2031 1027 2097; x_wconf 84' lang='lat' dir='ltr'>ego</span> <span class='ocrx_word' id='word_1_96' title='bbox 1055 2031 1140 2091; x_wconf 85' lang='lat' dir='ltr'>nune</span> <span class='ocrx_word' id='word_1_97' title='bbox 1167 2033 1252 2097; x_wconf 89' lang='lat' dir='ltr'>sum,</span> <span class='ocrx_word' id='word_1_98' title='bbox 1284 2013 1374 2078; x_wconf 88' lang='lat' dir='ltr'>euius</span> 
     </span>
     <span class='ocr_line' id='line_1_14' title="bbox 224 2117 1374 2205; baseline -0.002 -21"><span class='ocrx_word' id='word_1_99' title='bbox 224 2119 305 2185; x_wconf 89' lang='lat' dir='ltr'>haee</span> <span class='ocrx_word' id='word_1_100' title='bbox 336 2119 443 2184; x_wconf 87' lang='lat' dir='ltr'>uentri</span> <span class='ocrx_word' id='word_1_101' title='bbox 469 2122 621 2203; x_wconf 88' lang='lat' dir='ltr'>portatur</span> <span class='ocrx_word' id='word_1_102' title='bbox 647 2119 790 2205; x_wconf 83' lang='lat' dir='ltr'>pompa?</span> <span class='ocrx_word' id='word_1_103' title='bbox 821 2117 873 2184; x_wconf 90' lang='lat' dir='ltr'>uel</span> <span class='ocrx_word' id='word_1_104' title='bbox 902 2139 1001 2203; x_wconf 88' lang='lat' dir='ltr'>nunc,</span> <span class='ocrx_word' id='word_1_105' title='bbox 1034 2117 1097 2202; x_wconf 73' lang='lat' dir='ltr'>qui·</span> <span class='ocrx_word' id='word_1_106' title='bbox 1118 2117 1200 2184; x_wconf 92' lang='lat' dir='ltr'>mihi</span> <span class='ocrx_word' id='word_1_107' title='bbox 1228 2119 1264 2182; x_wconf 91' lang='lat' dir='ltr'>in</span> <span class='ocrx_word' id='word_1_108' title='bbox 1292 2120 1374 2183; x_wconf 85' lang='lat' dir='ltr'>mari</span> 
     </span>
     <span class='ocr_line' id='line_1_15' title="bbox 225 2225 1374 2310; baseline 0 -20"><span class='ocrx_word' id='word_1_109' title='bbox 225 2226 393 2310; x_wconf 83' lang='lat' dir='ltr'>acipenser</span> <span class='ocrx_word' id='word_1_110' title='bbox 415 2225 512 2292; x_wconf 91' lang='lat' dir='ltr'>latuit</span> <span class='ocrx_word' id='word_1_111' title='bbox 533 2226 684 2310; x_wconf 85' lang='lat' dir='ltr'>antehac,</span> <span class='ocrx_word' id='word_1_112' title='bbox 709 2225 800 2291; x_wconf 90' lang='lat' dir='ltr'>cuius</span> <span class='ocrx_word' id='word_1_113' title='bbox 824 2245 885 2310; x_wconf 83' lang='lat' dir='ltr'>ego</span> <span class='ocrx_word' id='word_1_114' title='bbox 909 2225 995 2292; x_wconf 90' lang='lat' dir='ltr'>latus</span> <span class='ocrx_word' id='word_1_115' title='bbox 1018 2226 1053 2290; x_wconf 93' lang='lat' dir='ltr'>in</span> <span class='ocrx_word' id='word_1_116' title='bbox 1076 2225 1218 2290; x_wconf 85' lang='lat' dir='ltr'>latebras</span> <span class='ocrx_word' id='word_1_117' title='bbox 1241 2225 1374 2290; x_wconf 84' lang='lat' dir='ltr'>reddam</span> 
     </span>
     <span class='ocr_line' id='line_1_16' title="bbox 226 2329 1374 2417; baseline 0 -21"><span class='ocrx_word' id='word_1_118' title='bbox 226 2333 308 2396; x_wconf 89' lang='lat' dir='ltr'>meis</span> <span class='ocrx_word' id='word_1_119' title='bbox 337 2331 487 2398; x_wconf 82' lang='lat' dir='ltr'>dentibus</span> <span class='ocrx_word' id='word_1_120' title='bbox 515 2336 549 2398; x_wconf 91' lang='lat' dir='ltr'>et</span> <span class='ocrx_word' id='word_1_121' title='bbox 576 2331 764 2398; x_wconf 76' lang='lat' dir='ltr'>manibus».&#39;</span> <span class='ocrx_word' id='word_1_122' title='bbox 787 2371 831 2378; x_wconf 95' lang='lat'><strong>—</strong></span> <span class='ocrx_word' id='word_1_123' title='bbox 854 2329 930 2397; x_wconf 91' lang='lat' dir='ltr'>Non</span> <span class='ocrx_word' id='word_1_124' title='bbox 957 2331 1072 2396; x_wconf 82' lang='lat' dir='ltr'>leviter</span> <span class='ocrx_word' id='word_1_125' title='bbox 1099 2334 1251 2417; x_wconf 86' lang='lat' dir='ltr'>corrupta</span> <span class='ocrx_word' id='word_1_126' title='bbox 1274 2331 1374 2396; x_wconf 79' lang='lat' dir='ltr'>verbe</span> 
     </span>
     <span class='ocr_line' id='line_1_17' title="bbox 226 2437 1373 2524; baseline -0.002 -20"><span class='ocrx_word' id='word_1_127' title='bbox 226 2441 356 2522; x_wconf 82' lang='lat' dir='ltr'>poetae,</span> <span class='ocrx_word' id='word_1_128' title='bbox 388 2437 423 2503; x_wconf 92' lang='lat' dir='ltr'>in</span> <span class='ocrx_word' id='word_1_129' title='bbox 455 2439 656 2524; x_wconf 75' lang='lat' dir='ltr'>septenarios</span> <span class='ocrx_word' id='word_1_130' title='bbox 686 2438 843 2505; x_wconf 80' lang='lat' dir='ltr'>iambicos</span> <span class='ocrx_word' id='word_1_131' title='bbox 871 2437 937 2503; x_wconf 88' lang='lat' dir='ltr'>iam</span> <span class='ocrx_word' id='word_1_132' title='bbox 965 2437 1045 2502; x_wconf 92' lang='lat' dir='ltr'>olim</span> <span class='ocrx_word' id='word_1_133' title='bbox 1068 2459 1088 2502; x_wconf 90' lang='lat' dir='ltr'>a</span> <span class='ocrx_word' id='word_1_134' title='bbox 1111 2459 1162 2502; x_wconf 90' lang='lat' dir='ltr'>me</span> <span class='ocrx_word' id='word_1_135' title='bbox 1185 2439 1316 2503; x_wconf 86' lang='lat' dir='ltr'>redacta</span> <span class='ocrx_word' id='word_1_136' title='bbox 1338 2439 1373 2502; x_wconf 91' lang='lat' dir='ltr'>in</span> 
     </span>
     <span class='ocr_line' id='line_1_18' title="bbox 225 2543 1371 2630; baseline 0 -20"><span class='ocrx_word' id='word_1_137' title='bbox 225 2545 380 2612; x_wconf 59' lang='lat' dir='ltr'>leuderici</span> <span class='ocrx_word' id='word_1_138' title='bbox 402 2545 475 2610; x_wconf 88' lang='lat' dir='ltr'>leui</span> <span class='ocrx_word' id='word_1_139' title='bbox 498 2545 698 2630; x_wconf 82' lang='lat' dir='ltr'>praefatione</span> <span class='ocrx_word' id='word_1_140' title='bbox 723 2545 763 2611; x_wconf 79' lang='lat' dir='ltr'>acl</span> <span class='ocrx_word' id='word_1_141' title='bbox 786 2543 945 2612; x_wconf 86' lang='lat' dir='ltr'>Macrobii</span> <span class='ocrx_word' id='word_1_142' title='bbox 968 2545 1031 2611; x_wconf 88' lang='lat' dir='ltr'>vol.</span> <span class='ocrx_word' id='word_1_143' title='bbox 1050 2543 1083 2608; x_wconf 91' lang='grc' dir='ltr'>Π</span> <span class='ocrx_word' id='word_1_144' title='bbox 1106 2568 1136 2630; x_wconf 87' lang='lat' dir='ltr'>p.</span> <span class='ocrx_word' id='word_1_145' title='bbox 1160 2543 1251 2630; x_wconf 88' lang='lat' dir='ltr'>VIII,</span> <span class='ocrx_word' id='word_1_146' title='bbox 1273 2546 1371 2630; x_wconf 87' lang='lat' dir='ltr'>paulo</span> 
     </span>
     <span class='ocr_line' id='line_1_19' title="bbox 226 2651 968 2719; baseline -0.001 -1"><span class='ocrx_word' id='word_1_147' title='bbox 226 2653 326 2718; x_wconf 84' lang='lat' dir='ltr'>etiarn</span> <span class='ocrx_word' id='word_1_148' title='bbox 349 2651 563 2719; x_wconf 87' lang='lat' dir='ltr'>confidentius</span> <span class='ocrx_word' id='word_1_149' title='bbox 586 2675 671 2718; x_wconf 89' lang='lat' dir='ltr'>nunc</span> <span class='ocrx_word' id='word_1_150' title='bbox 694 2653 740 2718; x_wconf 88' lang='lat' dir='ltr'>sic</span> <span class='ocrx_word' id='word_1_151' title='bbox 763 2651 968 2718; x_wconf 88' lang='lat' dir='ltr'>reconeinno:</span> 
     </span>
    </p>
   </div>
   <div class='ocr_carea' id='block_1_7' title="bbox 266 2792 1423 3608">
    <p class='ocr_par' dir='ltr' id='par_1_7' title="bbox 269 2792 1423 2984">
     <span class='ocr_line' id='line_1_20' title="bbox 269 2792 1423 2872; baseline 0.003 -13"><span class='ocrx_word' id='word_1_152' title='bbox 269 2794 362 2872; x_wconf 81' lang='lat' dir='ltr'>Quis</span> <span class='ocrx_word' id='word_1_153' title='bbox 391 2796 450 2859; x_wconf 76' lang='lat' dir='ltr'>est</span> <span class='ocrx_word' id='word_1_154' title='bbox 475 2793 658 2860; x_wconf 88' lang='lat' dir='ltr'>mortalis</span> <span class='ocrx_word' id='word_1_155' title='bbox 687 2794 764 2859; x_wconf 76' lang='lat' dir='ltr'>tem</span> <span class='ocrx_word' id='word_1_156' title='bbox 791 2792 1069 2860; x_wconf 76' lang='lat' dir='ltr'>bonafortrlna</span> <span class='ocrx_word' id='word_1_157' title='bbox 1093 2792 1269 2862; x_wconf 84' lang='lat' dir='ltr'>adlectus</span> <span class='ocrx_word' id='word_1_158' title='bbox 1293 2799 1423 2862; x_wconf 77' lang='lat' dir='ltr'>rim-15</span> 
     </span>
     <span class='ocr_line' id='line_1_21' title="bbox 862 2921 987 2984; baseline 0 -21"><span class='ocrx_word' id='word_1_159' title='bbox 862 2921 987 2984; x_wconf 86' lang='lat' dir='ltr'>quam,</span> 
     </span>
    </p>

    <p class='ocr_par' dir='ltr' id='par_1_8' title="bbox 268 3005 1369 3200">
     <span class='ocr_line' id='line_1_22' title="bbox 268 3005 1369 3093; baseline 0.004 -23"><span class='ocrx_word' id='word_1_160' title='bbox 268 3007 387 3083; x_wconf 85' lang='lat' dir='ltr'>Quam</span> <span class='ocrx_word' id='word_1_161' title='bbox 416 3027 484 3093; x_wconf 84' lang='lat' dir='ltr'>ego</span> <span class='ocrx_word' id='word_1_162' title='bbox 513 3012 729 3092; x_wconf 69' lang='lat' dir='ltr'>actuosum,</span> <span class='ocrx_word' id='word_1_163' title='bbox 757 3006 897 3092; x_wconf 91' lang='lat' dir='ltr'>quoius</span> <span class='ocrx_word' id='word_1_164' title='bbox 925 3007 1022 3072; x_wconf 90' lang='lat' dir='ltr'>haec</span> <span class='ocrx_word' id='word_1_165' title='bbox 1046 3005 1248 3090; x_wconf 71' lang='lat' dir='ltr'>[dapsilis]</span> <span class='ocrx_word' id='word_1_166' title='bbox 1278 3030 1369 3074; x_wconf 89' lang='lat' dir='ltr'>uon-</span> 
     </span>
     <span class='ocr_line' id='line_1_23' title="bbox 860 3111 1288 3200; baseline 0.005 -23"><span class='ocrx_word' id='word_1_167' title='bbox 860 3111 916 3177; x_wconf 88' lang='lat' dir='ltr'>tri</span> <span class='ocrx_word' id='word_1_168' title='bbox 936 3116 1115 3198; x_wconf 86' lang='lat' dir='ltr'>portatur</span> <span class='ocrx_word' id='word_1_169' title='bbox 1137 3115 1288 3200; x_wconf 76' lang='lat' dir='ltr'>pompa!</span> 
     </span>
    </p>

    <p class='ocr_par' dir='ltr' id='par_1_9' title="bbox 266 3219 1370 3412">
     <span class='ocr_line' id='line_1_24' title="bbox 266 3219 1370 3306; baseline 0.001 -21"><span class='ocrx_word' id='word_1_170' title='bbox 266 3220 338 3286; x_wconf 72' lang='lat' dir='ltr'>Vel</span> <span class='ocrx_word' id='word_1_171' title='bbox 366 3227 465 3287; x_wconf 80' lang='lat' dir='ltr'>nrinc</span> <span class='ocrx_word' id='word_1_172' title='bbox 494 3221 570 3306; x_wconf 86' lang='lat' dir='ltr'>bic,</span> <span class='ocrx_word' id='word_1_173' title='bbox 598 3222 662 3306; x_wconf 92' lang='lat' dir='ltr'>qui</span> <span class='ocrx_word' id='word_1_174' title='bbox 689 3219 784 3286; x_wconf 91' lang='lat' dir='ltr'>mihi</span> <span class='ocrx_word' id='word_1_175' title='bbox 810 3219 848 3286; x_wconf 90' lang='lat' dir='ltr'>in</span> <span class='ocrx_word' id='word_1_176' title='bbox 877 3221 998 3285; x_wconf 89' lang='lat' dir='ltr'>marid</span> <span class='ocrx_word' id='word_1_177' title='bbox 1026 3221 1227 3305; x_wconf 72' lang='lat' dir='ltr'>acipenser</span> <span class='ocrx_word' id='word_1_178' title='bbox 1249 3221 1370 3288; x_wconf 89' lang='lat' dir='ltr'>latuit</span> 
     </span>
     <span class='ocr_line' id='line_1_25' title="bbox 861 3327 1040 3412; baseline 0 -20"><span class='ocrx_word' id='word_1_179' title='bbox 861 3327 1040 3412; x_wconf 73' lang='lat' dir='ltr'>antehac,</span> 
     </span>
    </p>

    <p class='ocr_par' dir='ltr' id='par_1_10' title="bbox 266 3433 1382 3608">
     <span class='ocr_line' id='line_1_26' title="bbox 266 3433 1382 3518; baseline 0.002 -20"><span class='ocrx_word' id='word_1_180' title='bbox 266 3434 412 3511; x_wconf 81' lang='lat' dir='ltr'>Quoius</span> <span class='ocrx_word' id='word_1_181' title='bbox 441 3435 546 3500; x_wconf 70' lang='lat' dir='ltr'>letus</span> <span class='ocrx_word' id='word_1_182' title='bbox 574 3435 614 3499; x_wconf 92' lang='lat' dir='ltr'>in</span> <span class='ocrx_word' id='word_1_183' title='bbox 641 3433 818 3500; x_wconf 88' lang='lat' dir='ltr'>latebras</span> <span class='ocrx_word' id='word_1_184' title='bbox 847 3435 1003 3500; x_wconf 74' lang='lat' dir='ltr'>reddam</span> <span class='ocrx_word' id='word_1_185' title='bbox 1032 3454 1101 3518; x_wconf 85' lang='lat' dir='ltr'>ego</span> <span class='ocrx_word' id='word_1_186' title='bbox 1124 3433 1217 3498; x_wconf 88' lang='lat' dir='ltr'>meis</span> <span class='ocrx_word' id='word_1_187' title='bbox 1241 3434 1382 3500; x_wconf 73' lang='lat' dir='ltr'>denti·</span> 
     </span>
     <span class='ocr_line' id='line_1_27' title="bbox 860 3539 1134 3608; baseline -0.004 -3"><span class='ocrx_word' id='word_1_188' title='bbox 860 3541 928 3608; x_wconf 89' lang='lat' dir='ltr'>bus</span> <span class='ocrx_word' id='word_1_189' title='bbox 952 3544 990 3605; x_wconf 88' lang='lat' dir='ltr'>et</span> <span class='ocrx_word' id='word_1_190' title='bbox 1011 3539 1134 3606; x_wconf 72' lang='lat' dir='ltr'>malis.</span> 
     </span>
    </p>
   </div>
   <div class='ocr_carea' id='block_1_8' title="bbox 219 3682 1368 4304">
    <p class='ocr_par' dir='ltr' id='par_1_11' title="bbox 219 3682 1368 4304">
     <span class='ocr_line' id='line_1_28' title="bbox 308 3682 1368 3772; baseline 0 -22"><span class='ocrx_word' id='word_1_191' title='bbox 308 3682 377 3750; x_wconf 88' lang='lat' dir='ltr'>Nec</span> <span class='ocrx_word' id='word_1_192' title='bbox 404 3685 490 3750; x_wconf 88' lang='lat' dir='ltr'>enim</span> <span class='ocrx_word' id='word_1_193' title='bbox 518 3707 599 3770; x_wconf 88' lang='lat' dir='ltr'>opus</span> <span class='ocrx_word' id='word_1_194' title='bbox 628 3685 678 3750; x_wconf 85' lang='lat' dir='ltr'>est</span> <span class='ocrx_word' id='word_1_195' title='bbox 703 3683 792 3750; x_wconf 78' lang='lat' dir='ltr'>caius</span> <span class='ocrx_word' id='word_1_196' title='bbox 820 3683 855 3748; x_wconf 93' lang='lat' dir='ltr'>in</span> <span class='ocrx_word' id='word_1_197' title='bbox 881 3684 948 3750; x_wconf 77' lang='lat' dir='ltr'>eires</span> <span class='ocrx_word' id='word_1_198' title='bbox 974 3685 1114 3766; x_wconf 67' lang='lat' dir='ltr'>mumto,</span> <span class='ocrx_word' id='word_1_199' title='bbox 1141 3682 1174 3747; x_wconf 92' lang='lat' dir='ltr'>id</span> <span class='ocrx_word' id='word_1_200' title='bbox 1202 3684 1287 3772; x_wconf 89' lang='lat' dir='ltr'>quod</span> <span class='ocrx_word' id='word_1_201' title='bbox 1316 3687 1368 3750; x_wconf 88' lang='lat' dir='ltr'>vel</span> 
     </span>
     <span class='ocr_line' id='line_1_29' title="bbox 221 3789 1367 3880; baseline 0.002 -24"><span class='ocrx_word' id='word_1_202' title='bbox 221 3791 326 3856; x_wconf 88' lang='lat' dir='ltr'>minus</span> <span class='ocrx_word' id='word_1_203' title='bbox 354 3791 559 3858; x_wconf 89' lang='lat' dir='ltr'>commodum</span> <span class='ocrx_word' id='word_1_204' title='bbox 588 3791 687 3858; x_wconf 83' lang='lat' dir='ltr'>fuerit</span> <span class='ocrx_word' id='word_1_205' title='bbox 715 3790 755 3857; x_wconf 85' lang='lat' dir='ltr'>ad</span> <span class='ocrx_word' id='word_1_206' title='bbox 783 3789 1016 3858; x_wconf 88' lang='lat' dir='ltr'>sententiarum</span> <span class='ocrx_word' id='word_1_207' title='bbox 1044 3789 1367 3880; x_wconf 80' lang='lat' dir='ltr'>enuntiationemque</span> 
     </span>
     <span class='ocr_line' id='line_1_30' title="bbox 221 3895 1366 3984; baseline 0.003 -22"><span class='ocrx_word' id='word_1_208' title='bbox 221 3920 292 3962; x_wconf 88' lang='lat' dir='ltr'>sese</span> <span class='ocrx_word' id='word_1_209' title='bbox 315 3897 541 3982; x_wconf 82' lang='lat' dir='ltr'>excipientium</span> <span class='ocrx_word' id='word_1_210' title='bbox 565 3898 724 3964; x_wconf 83' lang='lat' dir='ltr'>rationem</span> <span class='ocrx_word' id='word_1_211' title='bbox 748 3900 843 3984; x_wconf 88' lang='lat' dir='ltr'>etque</span> <span class='ocrx_word' id='word_1_212' title='bbox 864 3895 1155 3964; x_wconf 85' lang='lat' dir='ltr'>conformationem</span> <span class='ocrx_word' id='word_1_213' title='bbox 1173 3897 1366 3966; x_wconf 87' lang='lat' dir='ltr'>universam.</span> 
     </span>
     <span class='ocr_line' id='line_1_31' title="bbox 219 4004 1365 4090; baseline 0.003 -20"><span class='ocrx_word' id='word_1_214' title='bbox 219 4005 328 4090; x_wconf 86' lang='lat' dir='ltr'>Atque</span> <span class='ocrx_word' id='word_1_215' title='bbox 351 4004 431 4074; x_wconf 85' lang='lat' dir='ltr'>adeo</span> <span class='ocrx_word' id='word_1_216' title='bbox 455 4005 525 4070; x_wconf 86' lang='lat' dir='ltr'>fieri</span> <span class='ocrx_word' id='word_1_217' title='bbox 547 4008 657 4089; x_wconf 88' lang='lat' dir='ltr'>potest</span> <span class='ocrx_word' id='word_1_218' title='bbox 679 4008 716 4070; x_wconf 92' lang='lat' dir='ltr'>ut</span> <span class='ocrx_word' id='word_1_219' title='bbox 739 4004 961 4070; x_wconf 85' lang='lat' dir='ltr'>continuatam</span> <span class='ocrx_word' id='word_1_220' title='bbox 985 4007 1125 4089; x_wconf 82' lang='lat' dir='ltr'>aposta</span> <span class='ocrx_word' id='word_1_221' title='bbox 1148 4025 1221 4070; x_wconf 91' lang='lat' dir='ltr'>cum</span> <span class='ocrx_word' id='word_1_222' title='bbox 1240 4010 1365 4073; x_wconf 86' lang='lat' dir='ltr'>senten·</span> 
     </span>
     <span class='ocr_line' id='line_1_32' title="bbox 219 4109 1366 4198; baseline 0.001 -21"><span class='ocrx_word' id='word_1_223' title='bbox 219 4113 267 4178; x_wconf 90' lang='lat' dir='ltr'>tia</span> <span class='ocrx_word' id='word_1_224' title='bbox 290 4111 562 4178; x_wconf 87' lang='lat' dir='ltr'>constructionem</span> <span class='ocrx_word' id='word_1_225' title='bbox 583 4133 649 4178; x_wconf 90' lang='lat' dir='ltr'>non</span> <span class='ocrx_word' id='word_1_226' title='bbox 671 4115 858 4198; x_wconf 89' lang='lat' dir='ltr'>persecutus</span> <span class='ocrx_word' id='word_1_227' title='bbox 882 4111 926 4178; x_wconf 88' lang='lat' dir='ltr'>sit</span> <span class='ocrx_word' id='word_1_228' title='bbox 940 4109 1133 4178; x_wconf 83' lang='lat' dir='ltr'>Macrobius.</span> <span class='ocrx_word' id='word_1_229' title='bbox 1148 4149 1191 4158; x_wconf 80' lang='lat'>-</span> <span class='ocrx_word' id='word_1_230' title='bbox 1204 4111 1366 4178; x_wconf 86' lang='lat' dir='ltr'>Producta</span> 
     </span>
     <span class='ocr_line' id='line_1_33' title="bbox 219 4217 1364 4304; baseline 0.003 -22"><span class='ocrx_word' id='word_1_231' title='bbox 219 4221 328 4284; x_wconf 87' lang='lat' dir='ltr'>autem</span> <span class='ocrx_word' id='word_1_232' title='bbox 365 4217 483 4286; x_wconf 84' lang='lat' dir='ltr'>ultima</span> <span class='ocrx_word' id='word_1_233' title='bbox 512 4218 656 4304; x_wconf 88' lang='lat' dir='ltr'>positum</span> <span class='ocrx_word' id='word_1_234' title='bbox 687 4219 827 4287; x_wconf 64' lang='lat' dir='ltr'>mistus</span> <span class='ocrx_word' id='word_1_235' title='bbox 858 4219 887 4283; x_wconf 88' lang='lat' dir='ltr'>si</span> <span class='ocrx_word' id='word_1_236' title='bbox 919 4218 991 4302; x_wconf 88' lang='lat' dir='ltr'>quis</span> <span class='ocrx_word' id='word_1_237' title='bbox 1024 4217 1175 4302; x_wconf 86' lang='lat' dir='ltr'>amplecti</span> <span class='ocrx_word' id='word_1_238' title='bbox 1207 4223 1364 4304; x_wconf 86' lang='lat' dir='ltr'>vereatur,</span> 
     </span>
    </p>
   </div>
   <div class='ocr_carea' id='block_1_9' title="bbox 220 4391 1362 4555">
    <p class='ocr_par' dir='ltr' id='par_1_12' title="bbox 220 4391 1362 4555">
     <span class='ocr_line' id='line_1_34' title="bbox 291 4391 1362 4464; baseline 0.004 -17"><span class='ocrx_word' id='word_1_239' title='bbox 291 4395 335 4463; x_wconf 82' lang='lat'>11)</span> <span class='ocrx_word' id='word_1_240' title='bbox 353 4393 411 4448; x_wconf 85' lang='lat' dir='ltr'>Sua</span> <span class='ocrx_word' id='word_1_241' title='bbox 434 4395 533 4464; x_wconf 86' lang='lat' dir='ltr'>sponte</span> <span class='ocrx_word' id='word_1_242' title='bbox 556 4391 730 4464; x_wconf 80' lang='lat' dir='ltr'>intellegitur</span> <span class='ocrx_word' id='word_1_243' title='bbox 753 4393 824 4448; x_wconf 86' lang='lat' dir='ltr'>talin</span> <span class='ocrx_word' id='word_1_244' title='bbox 841 4393 940 4448; x_wconf 88' lang='lat' dir='ltr'>eodem</span> <span class='ocrx_word' id='word_1_245' title='bbox 958 4391 1018 4447; x_wconf 89' lang='lat' dir='ltr'>iure</span> <span class='ocrx_word' id='word_1_246' title='bbox 1036 4408 1117 4463; x_wconf 87' lang='lat' dir='ltr'>posse</span> <span class='ocrx_word' id='word_1_247' title='bbox 1135 4410 1186 4464; x_wconf 92' lang='lat' dir='ltr'>pro</span> <span class='ocrx_word' id='word_1_248' title='bbox 1205 4395 1362 4464; x_wconf 86' lang='lat' dir='ltr'>septenario</span> 
     </span>
     <span class='ocr_line' id='line_1_35' title="bbox 220 4480 1220 4555; baseline -0.002 -17"><span class='ocrx_word' id='word_1_249' title='bbox 220 4483 319 4540; x_wconf 86' lang='lat' dir='ltr'>haberi</span> <span class='ocrx_word' id='word_1_250' title='bbox 337 4483 382 4538; x_wconf 92' lang='lat' dir='ltr'>cui</span> <span class='ocrx_word' id='word_1_251' title='bbox 401 4483 474 4539; x_wconf 84' lang='lat' dir='ltr'>desit</span> <span class='ocrx_word' id='word_1_252' title='bbox 492 4482 674 4555; x_wconf 87' lang='lat' dir='ltr'>principium:</span> <span class='ocrx_word' id='word_1_253' title='bbox 693 4482 784 4553; x_wconf 87' lang='lat' dir='ltr'>quoda</span> <span class='ocrx_word' id='word_1_254' title='bbox 803 4481 890 4538; x_wconf 89' lang='lat' dir='ltr'>semel</span> <span class='ocrx_word' id='word_1_255' title='bbox 908 4482 1048 4539; x_wconf 90' lang='lat' dir='ltr'>monuisse</span> <span class='ocrx_word' id='word_1_256' title='bbox 1066 4480 1134 4538; x_wconf 87' lang='lat' dir='ltr'>satis</span> <span class='ocrx_word' id='word_1_257' title='bbox 1153 4484 1220 4538; x_wconf 88' lang='lat' dir='ltr'>osto.</span> 
     </span>
    </p>
   </div>
   <div class='ocr_carea' id='block_1_10' title="bbox 0 0 1642 5114">
    <p class='ocr_par' dir='ltr' id='par_1_13' title="bbox 0 0 1642 5114">
     <span class='ocr_line' id='line_1_36' title="bbox 0 0 1642 5114; baseline 0 4"><span class='ocrx_word' id='word_1_258' title='bbox 0 0 1642 5114; x_wconf 95' lang='lat' dir='ltr'> </span> 
     </span>
    </p>
   </div>
  </div>
 </body>
</html>
