3274 5114
606 391 890 441 oouuuurnarvs.
1259 374 1325 440 ‘235

182 539 282 600 tatem
308 533 535 600 desideramus.
572 533 640 599 Nec
663 535 736 620 plus
755 535 960 620 profecerunt
979 536 1006 600 si
1026 491 1084 619 qui
1101 557 1158 618 pro
1176 535 1325 600 camelae

52 635 53 660 ¹
180 645 385 726 acceperunt:
403 663 462 706 nec
481 641 567 706 enim
587 641 755 706 benevim
773 662 892 734 sowa
911 642 1044 707 verbum
1063 641 1163 706 habet
1182 641 1325 726 omnino,

50 792 51 810 .
179 770 238 813 nec
261 747 347 818 uude
370 747 540 812 eximenda
562 747 676 812 fabula
694 747 739 812 eit
757 769 860 832 quave
880 769 995 812 caussa
1013 769 1148 833 quemve
1168 747 1324 812 adfinem

179 853 357 936 eximenda,
381 852 593 938 intellegitur.
640 853 731 929 Quod
755 857 863 918 autem
886 876 986 920 nexus
1011 854 1244 920 sententiarum
1268 853 1323 918 fla-

178 962 263 1046 gitet
295 959 487 1044 certissime,
520 959 583 1026 hoc
617 964 666 1024 eet
698 963 747 1044 ut,
780 981 853 1025 cum
881 960 1026 1026 Terentii
1053 961 1181 1026 fabulae
1213 981 1323 1026 omnes
1337 985 1378 1026 ree

178 1068 298 1152 populo
322 1067 483 1150 placuisse
506 1071 672 1132 narratum
696 1070 794 1151 essct,
824 1089 922 1132 unam
951 1068 1054 1133 solam
1079 1067 1230 1156 Volcatio
1255 1067 1323 1152 qui·

179 1174 249 1238 dem
277 1177 361 1238 teste
388 1195 454 1238 uon
482 1174 642 1259 placuisse
670 1175 850 1241 adiceretur
880 1174 986 1260 planis
1010 1174 1118 1240 verbis
1142 1178 1175 1238 et
1198 1173 1323 1257 simpli-

178 1282 279 1364 cibus,
302 1302 369 1346 nou
392 1303 449 1364 per
472 1281 667 1367 aenigmatis
692 1283 878 1348 artificium:
912 1282 952 1346 ad
976 1281 1134 1347 eiusmodi
1159 1280 1245 1346 euim
1268 1302 1323 1364 op·

177 1387 372 1471 positionem
405 1388 642 1454 contrariorum
675 1389 747 1474 ipsa
778 1390 923 1472 peremeris
955 1388 1115 1474 particula
1147 1387 1323 1453 manifesto

178 1498 313 1578 spectat
367 1494 481 1580 Itaque
511 1495 588 1560 talis
617 1495 706 1581 quali
735 1519 817 1581 opus
845 1501 895 1561 est
923 1495 1014 1561 notio
1042 1517 1115 1560 cum
1144 1516 1161 1558 e
1187 1501 1324 1560 cremetur

179 1601 338 1686 scriptura
355 1601 410 1665 vix
427 1623 524 1685 posse
543 1602 611 1666 erui
626 1603 784 1686 videatur,
802 1624 861 1667 nec
880 1601 922 1666 ab
941 1599 1033 1667 initio
1054 1621 1164 1665 versus
1184 1603 1323 1666 metrum

179 1707 346 1790 claudicet,
369 1707 426 1772 sed
450 1708 535 1773 circa
558 1709 647 1793 ipsas
670 1730 712 1774 ca
733 1707 782 1774 lu's
804 1731 898 1774 voces
923 1729 1002 1792 quas
1025 1729 1084 1791 per
1102 1728 1136 1770 se
1156 1727 1252 1791 aegre
1275 1709 1322 1772 iu·

179 1813 292 1898 tellegi
316 1817 412 1878 antee
436 1815 698 1901 significavimus.
722 1836 921 1900 consequens
945 1816 995 1878 est
1017 1817 1054 1878 ut
1075 1812 1138 1879 hoo
1156 1813 1265 1898 potius
1288 1814 1322 1878 in

179 1919 250 1984 loco
274 1920 366 1984 sedes
390 1922 593 2006 corruptelae
616 1927 800 2006 quaeratur.
837 1920 942 2005 Igitur
965 1919 1128 2005 quoniam,
1151 1941 1234 2005 quae
1257 1941 1322 1985 nou

180 2025 387 2110 ‘placuisset'
411 2029 461 2093 vel
486 2027 663 2095 ‘stetisset'
687 2028 813 2113 fabule,
836 2029 889 2093 vel
913 2025 1060 2092 ‘erecta'
1084 2027 1134 2092 vel
1160 2025 1322 2110 ‘explosa'

178 2133 360 2218 dicebatur,
392 2133 490 2198 facile
513 2134 674 2218 quispiam
698 2133 799 2219 ipsius
822 2134 974 2217 ecplasast
997 2131 1146 2198 vocabuli
1170 2133 1323 2217 reliquias

179 2241 262 2307 achis
294 2242 423 2306 litteras
455 2241 696 2326 interpretetur.
745 2240 869 2304 Verum
899 2239 988 2304 aliud
1018 2239 1053 2304 in
1082 2243 1235 2323 promptu
1264 2243 1324 2324 est,

179 2347 282 2414 multo
312 2349 412 2412 etiam
441 2349 624 2432 graviorem
652 2347 719 2412 vim
747 2345 961 2431 persuadendi
988 2345 1121 2410 habens.
1167 2341 1322 2420 Quotiens

180 2455 266 2518 enim
291 2453 373 2520 ‘non
397 2453 552 2540 placitoe'
574 2453 722 2539 Hecyrae
751 2452 948 2518 mentionem
972 2451 1119 2516 Donatus
1146 2450 1251 2534 inicit,
1273 2454 1321 2516 to·

180 2562 264 2627 tiens
287 2563 355 2627 fere
378 2585 443 2627 uno
467 2565 555 2627 certo
570 2561 728 2627 vocabulo
752 2560 862 2643 utitur,
885 2559 970 2644 quod
993 2580 1066 2624 oum
1089 2557 1153 2622 alia
1177 2557 1323 2642 exempla

179 2689 242 2733 uon
266 2669 397 2751 habeat,
420 2669 474 2748 vix
497 2668 579 2733 mibi
602 2673 746 2752 tempero
769 2666 848 2752 quin
868 2689 906 2731 ex
925 2665 997 2750 ipso
1012 2664 1208 2730 Volcatiano
1227 2686 1322 2728 versu

180 2775 266 2839 vitae
290 2775 504 2841 Suetoniauae
528 2776 666 2859 petitum
691 2773 805 2839 dicam.
838 2771 963 2856 Quippe
986 2761 1173 2838 constanter
1194 2771 1250 2834 ille
1272 2793 1321 2836 eur·

180 2881 298 2946 clueom
325 2881 471 2948 labulam
502 2883 552 2946 vel
579 2883 734 2947 exclamem
762 2881 892 2965 poetam
920 2878 1014 2944 dixit:
1042 2877 1132 2942 cuius
1159 2877 1207 2941 rei
1230 2877 1321 2942 testi-

181 2987 292 3052 monia
314 2987 400 3054 iufra
424 2987 549 3072 scripsi.
585 2986 624 3051 ln
649 2986 793 3052 auctario
817 3007 876 3050 suo
896 2985 982 3049 vitae
1001 2981 1217 3049 Suetonianae
1237 2984 1321 3068 quod

181 3093 361 3158 subiectum
386 3097 436 3158 est
458 3117 489 3178 p.
512 3093 591 3158 214:
620 3091 764 3176 ‘Hecyra
788 3113 884 3177 saepe
907 3091 1042 3168 exclusa,
1070 3089 1125 3154 uix
1149 3093 1221 3155 ectu
1248 3089 1322 3155 est'.

181 3197 271 3262 Idem
294 3199 394 3284 praef.
418 3197 496 3263 Hec.
518 3222 550 3282 p.
573 3199 637 3263 337
662 3196 850 3264 Lindenbr.:
884 3197 995 3280 ‘saepe
1023 3196 1146 3261 occlusa
1168 3195 1247 3262 haec
1270 3220 1321 3262 co·

180 3304 335 3370 moedia’.
375 3305 465 3372 Idem
488 3305 570 3390 ipsis
594 3304 834 3371 commentariis
858 3305 892 3371 in
915 3301 993 3369 Hec.
1016 3301 1220 3388 prol.1v.4:
1245 3303 1321 3370 ‘non

180 3411 256 3496 quia
279 3411 379 3494 melu,
402 3412 525 3476 exclusa
548 3415 612 3495 est,
640 3411 695 3475 sed
720 3411 794 3494 quia
816 3409 957 3494 populus
980 3409 1161 3474 funambuli
1184 3411 1321 3476 admira-

180 3517 270 3583 tioue
299 3517 498 3602 obstupuit';
528 3519 561 3582 iu
584 3517 667 3601 prol.
691 3535 717 3580 11
741 3539 769 3580 v.
793 3517 826 3580 3:
855 3515 965 3600 ‘turpe
987 3537 1053 3581 non
1076 3537 1146 3581 esse
1169 3517 1321 3583 Terentio

177 3624 332 3688 uoluam
355 3645 425 3687 esse
449 3645 545 3688 unam
569 3623 657 3688 illius
680 3621 857 3704 fabulam’3
888 3621 922 3686 iu
946 3643 974 3687 r.
1000 3623 1034 3686 7:
1058 3621 1146 3687 ‘cum
1170 3643 1235 3686 unu
1257 3621 1320 3686 He·
1390 3701 1395 3712 ⁵

177 3751 256 3812 cyra
278 3730 401 3794 melosa
424 3729 498 3813 sit’3
522 3731 555 3795 in
579 3753 607 3794 v.
625 3731 680 3795 13:
704 3727 792 3814 ‘quia
815 3732 975 3794 remotum
1000 3733 1033 3792 et
1055 3729 1209 3793 aeolium
1232 3726 1321 3814 (poe-

178 3835 259 3921 tam)
283 3834 394 3920 dirit'3
432 3838 466 3900 in
488 3859 517 3901 r.
540 3837 597 3902 26:
635 3835 769 3920 ‘duplex
798 3857 913 3902 caussa
936 3834 977 3900 ad
1000 3857 1097 3900 unam
1119 3835 1321 3900 exclusionem

178 3940 376 4024 adhibetur’‚
400 3943 479 4008 item
504 3941 664 4008 ‘narratio
688 3965 744 4008 cur
767 3942 891 4008 cadesa
914 3943 971 4008 sit:
994 3941 1056 4008 boc
1075 3945 1134 4022 est,
1157 3963 1223 4008 non
1244 3964 1320 4026 poe-

177 4049 229 4111 tae
256 4047 351 4132 culpa
378 4047 503 4113 deiecta
530 4052 666 4114 estnec
692 4048 810 4116 iudicio
838 4047 982 4133 populi’3
1020 4048 1053 4114 in
1080 4071 1110 4114 v.
1138 4049 1194 4114 29:
1227 4048 1320 4134 ‘quia

176 4175 352 4238 numquam
383 4153 464 4218 alias
495 4154 634 4220 meletaco
663 4153 738 4218 est’.
783 4155 813 4218 A
841 4177 905 4238 qua
932 4155 988 4218 ille
1018 4155 1250 4220 cousuetudine
1273 4156 1319 4220 lo·

177 4258 294 4342 quendi
323 4261 433 4343 paucis
463 4259 618 4343 exemplis
642 4261 788 4344 recessit,
811 4261 921 4345 paullo
945 4260 1080 4324 fortiore
1104 4260 1262 4326 vocabulo
1286 4262 1319 4326 in

178 4363 229 4429 hie
253 4387 344 4429 usus:
377 4366 408 4430 in
439 4366 520 4449 prob
543 4383 584 4446 11,
609 4367 641 4431 .1:
674 4365 811 4432 ‘totiens
838 4368 967 4452 aepulso
988 4365 1130 4449 fabula';
1162 4365 1240 4430 item
1264 4367 1319 4434 ‘de

175 4468 335 4555 Terentio,
358 4471 442 4556 quod
465 4471 608 4553 expulsas
631 4470 709 4555 est'3
733 4473 811 4536 item
831 4471 887 4536 ‘ne
905 4471 1082 4554 expellatur,
1105 4495 1168 4538 non
1188 4495 1223 4538 se
1242 4497 1314 4560 pro·
