3302 5106
284 348 350 414 376
702 362 750 407 on
775 361 810 406 n.
834 359 1007 408 vnauoms

283 509 377 574 dorus
400 508 439 572 de
462 506 532 572 vita
554 509 588 571 et
611 504 741 588 scriptis
757 502 851 568 Varr.
875 526 904 588 p.
920 503 984 568 239
1009 506 1077 567 tum
1096 501 1269 568 Muellerus
1288 503 1322 568 in
1337 503 1431 570 Varr.

244 651 269 690 ῃ
283 639 314 702 p.
342 615 406 680 264
437 613 652 697 exploserunt.
704 609 772 676 Nec
801 610 905 695 magis
936 609 1086 675 Osannus
1117 610 1307 696 audiendus,
1337 633 1430 676 suum

284 722 377 787 illum
409 721 537 785 Ateium
568 719 632 783 huc
663 739 789 804 quoque
820 717 988 782 intrudens
1017 716 1110 782 Auel.
1138 741 1168 801 p.
1192 717 1243 783 67.
1288 717 1429 786 Incensi-

285 829 429 895 deratius
458 828 557 892 etism
580 824 805 892 Ruhnkenium
832 829 961 890 secutus
984 823 1171 889 Krahnerus
1195 825 1234 890 de
1257 824 1352 890 Varr.
1376 847 1431 890 an·

285 937 392 1022 liquit.
425 957 456 1020 p.
484 934 527 999 20
559 933 698 1018 primum
731 933 770 998 de
804 932 916 1018 lingua
947 931 1048 996 latina
1079 932 1197 996 librum
1226 932 1365 998 coniecit
1392 932 1430 996 ad

286 1043 434 1109 Atticum
463 1041 619 1125 scriptum
647 1039 761 1123 fuisse,
790 1039 987 1124 eundemque
1012 1061 1031 1102 a
1052 1037 1219 1104 Prisciano
1243 1037 1432 1125 (Apuleium

287 1145 463 1237 ignoravit)
483 1148 590 1213 vocari
609 1149 645 1212 de
662 1148 781 1232 orrpine
799 1148 924 1232 linquae
942 1147 1066 1230 titirus,
1089 1170 1109 1211 a
1127 1146 1304 1212 Laurentio
1323 1149 1431 1211 autem

288 1256 378 1341 Lydo
402 1256 439 1319 de
464 1253 610 1340 magistr.
633 1253 698 1338 1‚5
721 1254 768 1318 sic
793 1253 985 1339 significari:
1008 1257 1074 1318 τῶν
1097 1255 1177 1334 πρὸ(
1196 1254 1432 1332 Πομπώνιον

288 1365 532 1444 γεγραμμένωνε
559 1361 607 1425 ita
632 1361 732 1444 enim,
758 1361 874 1424 iterum
903 1363 1029 1426 mutato
1053 1362 1196 1447 nornine,
1221 1361 1351 1446 scripsit
1374 1383 1432 1444 pro

291 1493 329 1536 eo
354 1467 438 1555 quod
462 1466 625 1552 proditum
649 1472 699 1531 est
723 1468 804 1546 πρὸ(
827 1467 1039 1546 Πομπήιον.

378 1578 408 1640 3.
446 1573 498 1638 Ad
521 1573 581 1637 hos
604 1573 706 1658 igitur
729 1574 768 1638 de
792 1573 917 1658 origine
937 1573 1068 1658 linguae
1086 1576 1207 1641 latinae
1226 1577 1328 1642 libros
1347 1579 1434 1640 certe

290 1684 411 1750 maiore
434 1681 512 1764 iure,
536 1703 633 1764 quam
652 1680 693 1745 ad
712 1679 982 1746 commentarium
1002 1682 1040 1746 de
1060 1686 1283 1768 grammatica,
1306 1687 1435 1768 praeter

291 1789 427 1856 Cornuti
450 1788 521 1871 illa,
552 1809 634 1872 quae
657 1787 796 1852 hincne
820 1809 916 1872 posse
940 1789 1069 1874 quidem
1093 1793 1222 1873 sumpta
1245 1811 1315 1854 esse
1339 1811 1437 1873 supra

228 1933 229 1937 =
290 1896 498 1977 ostendimus,
520 1893 600 1957 haec
624 1915 750 1978 quoque
769 1895 891 1960 referas
911 1918 949 1961 ex
969 1897 1080 1961 eodem
1101 1897 1258 1982 scriptore
1277 1899 1436 1980 excerpta.

291 2005 325 2068 P.
349 2003 450 2084 2282,
474 2002 530 2064 32:
562 1999 641 2064 lianc
669 2001 804 2064 litterum
831 1997 1024 2088 (digamma)
1051 2001 1210 2068 Terentius
1237 2002 1337 2068 Varro
1363 2003 1438 2066 dum

291 2111 357 2174 eott
386 2111 606 2190 dorcacestram,
633 2107 680 2170 ito
701 2107 865 2189 persentit
901 2122 1000 2175 VAV·
1031 2108 1064 2173 P.
1089 2109 1190 2193 2286,
1214 2110 1270 2174 31:
1304 2109 1439 2174 Varroni

288 2217 388 2298 placet
416 2237 434 2277 r
464 2214 607 2292 litteram,
628 2214 657 2277 si
678 2214 783 2296 priore
807 2213 868 2277 loco
889 2219 1046 2298 ponatur,
1079 2236 1141 2279 nori
1168 2217 1314 2298 aspirari.
1349 2216 1439 2281 tector

292 2325 374 2388 enim
397 2323 468 2405 epse,
491 2322 601 2403 inquit,
626 2319 793 2403 intelteyerc
815 2320 898 2384 debet
919 2319 1051 2399 Rodum,
1075 2323 1195 2387 tarrretsi
1216 2323 1236 2386 le
1258 2343 1319 2388 uon
1343 2323 1439 2402 luce,

260 2479 265 2488 ,
292 2429 438 2494 Rhodum
465 2449 540 2506 esse,
568 2432 695 2492 retorem
722 2427 878 2491 rhetorem.
924 2425 1008 2491 Nam
1037 2427 1099 2493 hoc
1129 2429 1257 2513 quidem
1281 2429 1439 2496 Varronis

294 2537 450 2621 placitum
478 2555 552 2598 cum
576 2534 637 2615 eis,
666 2555 747 2617 quae
772 2533 810 2596 de
835 2534 1061 2618 anteponenda
1083 2534 1104 2600 t
1126 2535 1237 2602 littera
1260 2537 1294 2602 in
1317 2537 1437 2602 eisdem

296 2643 389 2708 libris
422 2639 615 2726 disputavit,
646 2638 741 2703 facile
765 2639 968 2725 intellegitur
998 2644 1050 2705 sat
1077 2643 1244 2708 commode
1273 2643 1440 2709 conciliari

294 2771 353 2814 neo
383 2748 449 2812 ullo
482 2746 578 2812 modo
611 2766 763 2830 pugnare.
814 2743 882 2810 Neo
915 2747 1020 2832 magis
1049 2748 1234 2814 dubitamus
1262 2749 1301 2814 de
1330 2749 1382 2814 his
1410 2773 1440 2836 p.

295 2857 392 2941 2284,
418 2857 472 2938 17,
500 2875 581 2939 quae
604 2853 806 2918 transierunt
828 2852 861 2918 in
883 2852 1002 2918 Isidori
1025 2853 1112 2940 Orig.
1135 2857 1160 2942 l,
1184 2858 1235 2942 26,
1261 2857 1313 2923 15:
1343 2857 1441 2924 loom-

295 2985 364 3028 mae
394 2984 438 3027 oa
470 2961 629 3038 teodorae,
660 2981 825 3026 momorum
852 2982 895 3025 or
923 2963 1091 3047 unximus,
1125 2969 1154 3028 et
1174 2965 1203 3030 si
1225 2985 1303 3046 quoe
1323 2965 1442 3030 similia

295 3075 383 3146 suot,
412 3067 506 3132 scribi
532 3066 669 3145 ᾱεόεαωί,
697 3069 869 3149 quaesitum
897 3073 947 3132 est.
996 3069 1157 3136 Terentius
1184 3071 1284 3136 Varro
1314 3072 1443 3136 tradidit

297 3175 460 3242 crearem
488 3194 546 3256 per
574 3175 586 3237 i
613 3175 762 3238 eiusmodi
788 3174 879 3238 verbo
907 3175 1031 3239 solitum
1053 3197 1114 3242 esse
1135 3179 1296 3267 recentiore
1318 3183 1346 3242 et
1367 3179 1442 3242 scri-

301 3285 383 3350 bere:
406 3283 477 3348 inde
494 3286 621 3364 propter
643 3283 855 3345 arroteritateru
878 3284 958 3346 lenti
975 3284 1036 3347 oiri
1054 3285 1300 3350 coroneturtinem
1316 3287 1442 3366 sactum.

298 3392 439 3458 Omnino
472 3389 558 3453 eninr
583 3386 761 3454 Cornutum
794 3411 926 3473 prorsus
957 3389 1109 3455 credibile
1138 3395 1201 3476 est,
1235 3392 1384 3476 quoniam
1409 3391 1443 3456 in

298 3499 404 3564 medio
437 3496 566 3561 demum
594 3496 779 3580 disputandi
807 3517 900 3560 cursu
931 3519 1002 3580 suo,
1035 3494 1191 3564 Varronis
1220 3498 1285 3563 iam
1315 3497 1443 3582 saepius

299 3609 395 3672 antea
423 3603 596 3692 mentione¹
614 3603 805 3686 simpliciter
832 3601 932 3686 lacta,
961 3603 1061 3668 semel
1085 3609 1208 3668 certum
1233 3605 1301 3687 cius
1326 3603 1443 3668 librum

300 3715 482 3778 antestatur
507 3714 540 3774 et
562 3711 611 3774 ita
634 3709 762 3794 quidem
786 3712 971 3773 antestatur
994 3713 1030 3774 ut
1052 3710 1142 3793 prius
1166 3709 1302 3792 prolatis
1326 3709 1445 3774 Varro-

299 3819 405 3884 nianis
439 3822 598 3902 opponat,
631 3839 706 3881 non
737 3838 775 3880 ex
803 3815 865 3882 hoo
893 3816 977 3880 libro
1005 3815 1130 3898 reliqua
1158 3813 1365 3881 Varroniana
1393 3816 1445 3880 rol

299 3929 374 3990 ante
407 3925 457 3990 vel
488 3929 564 4008 post
597 3927 849 3990 commemorata
878 3923 1005 4008 petisse.
1100 3921 1164 3986 Vix
1194 3923 1299 4007 magis
1329 3943 1445 4005 anceps

299 4037 350 4098 est
372 4031 411 4096 de
433 4030 592 4098 Prisciani
616 4031 722 4095 verbis
746 4031 762 4096 I
789 4055 819 4116 p.
843 4031 908 4097 544
931 4031 966 4097 Ρ.
993 4031 1031 4095 19
1056 4029 1111 4095 Kr.
1144 4029 1310 4096 iudicium:
1341 4034 1444 4094 aucto

299 4143 378 4206 ritas
404 4161 519 4224 ortoque
546 4145 610 4204 tam
639 4139 789 4205 Varronis
818 4161 912 4222 quom
934 4137 1041 4205 Moeri
1069 4141 1139 4203 teste
1162 4137 1329 4203 Oerrsorino
1352 4134 1447 4201 nect

300 4269 354 4314 rec
380 4269 399 4330 q
422 4269 516 4330 neqrrc
538 4247 558 4311 tr
581 4249 615 4312 io
638 4268 764 4312 nrrruero
787 4246 908 4311 orttibet
931 4247 1119 4311 litterarum:
1157 4265 1239 4329 quae
1262 4243 1345 4308 libro
1369 4243 1384 4306 Ι
1408 4242 1447 4306 de

302 4355 322 4420 l.
350 4355 370 4419 l.
404 4355 472 4418 sine
505 4354 572 4420 ulla
602 4359 691 4418 certa
718 4374 833 4417 caussa
860 4353 1051 4418 tribuerunt.
1097 4350 1234 4435 Propius
1264 4349 1342 4415 haec
1370 4371 1448 4414 sane

262 4489 287 4527 ss
302 4460 458 4526 accedunt
481 4460 520 4524 ad
545 4481 656 4524 eorum
680 4457 935 4544 similitudinem,
958 4480 1039 4544 quae
1062 4457 1097 4523 in
1119 4457 1202 4522 libro
1225 4455 1264 4520 de
1288 4477 1448 4542 gramma·
