3294 5104
641 423 923 472 consumamus.
1287 407 1353 472 273

209 568 373 652 suaderct3
396 567 480 632 nihil
499 567 644 650 proiecto
664 567 789 652 gratiae
808 567 891 631 tales
911 566 1022 650 quales
1041 587 1145 648 nuper
1162 565 1354 651 placuerunt

206 676 291 740 ictus
325 674 448 739 habent
481 673 604 756 Pepuu’
636 675 730 739 dabat
757 673 905 756 gentitus.
959 671 1132 738 Praeterea
1163 693 1260 737 nemo
1292 671 1355 737 fuit

205 782 285 866 quin
314 803 387 846 cum
415 781 450 844 in
477 777 541 844 hoc
567 801 664 845 versu
691 786 761 845 tum
791 781 825 844 in
848 780 954 862 primo
978 782 1035 844 aut
1058 779 1203 844 addendo
1227 782 1284 843 aut
1306 800 1353 842 re-

206 889 345 952 secando
374 891 432 952 aut
459 886 701 970 transponendo
724 887 805 949 fines
829 885 1007 950 modestiae
1030 885 1182 950 licentius
1205 885 1355 970 migrarit

206 995 366 1080 fidemque
390 994 547 1058 librorum
570 993 669 1056 nimis
693 1013 811 1078 magno
835 991 1007 1056 intervallo
1030 991 1207 1075 reliquerit.
1251 992 1353 1057 Porro

206 1105 324 1184 autem,
347 1099 536 1166 Terentium
561 1121 631 1164 esse
655 1099 695 1163 ad
719 1121 815 1182 quem
838 1097 873 1162 hi
891 1117 1002 1162 versus
1022 1099 1177 1182 spectent,
1200 1119 1263 1182 quo
1283 1103 1352 1164 tan·

208 1207 281 1272 dem
304 1207 423 1272 indicio
446 1206 592 1290 intellegi
621 1205 730 1270 dices?
763 1204 847 1288 quod
876 1204 993 1269 merito
1022 1204 1185 1270 offendens
1210 1204 1354 1290 Scaliger

205 1335 278 1378 cum
305 1317 422 1397 poetae
448 1334 569 1378 nomen
597 1313 643 1376 sic
670 1310 817 1376 inferret:
848 1310 922 1375 Hae
948 1311 1031 1392 quuc'
1053 1316 1204 1376 elocuntur
1228 1313 1354 1393 fribulae

210 1419 357 1504 Terentii,
391 1441 408 1484 e
440 1420 589 1484 conflatis
623 1420 743 1484 terentii
775 1422 809 1484 ct
833 1418 974 1501 pentibus
1000 1417 1134 1483 vocibus
1165 1422 1352 1502 portentum

206 1527 385 1610 scripturae
403 1527 623 1592 recessaostatus
640 1528 799 1611 repetens,
822 1525 945 1610 aliquid
963 1525 1054 1610 vidit,
1076 1545 1145 1588 rem
1163 1525 1268 1610 ipsam
1286 1551 1352 1594 non

207 1632 357 1716 pervidit.
402 1631 471 1697 Nec
494 1655 567 1697 eum
590 1633 734 1717 perbona
757 1633 943 1698 coniectura
965 1631 1146 1697 Fridericus
1168 1633 1351 1700 Windisch·

207 1761 344 1804 mannus
367 1740 401 1804 111
424 1739 587 1805 Wclolreri
611 1739 793 1823 Naekiique
816 1739 929 1805 Museo
952 1739 1053 1804 Rhcn.
1077 1758 1090 1803 1
1122 1762 1153 1823 p.
1178 1741 1241 1805 113
1264 1743 1351 1825 prin·

207 1846 328 1929 cipium
350 1868 462 1910 versus
486 1847 582 1931 primi
607 1847 653 1911 sic
677 1847 819 1912 sanavit:
846 1847 946 1912 Talae
967 1867 1045 1929 quac
1065 1851 1219 1912 uocantur
1242 1871 1266 1913 c.
1278 1872 1307 1934 q.
1318 1873 1351 1934 1.,

206 1952 284 2018 illud
308 1953 424 2036 effecit,
446 1951 550 2037 ipsius
573 1955 611 2018 ut
634 1952 904 2038 significationem
927 1958 1043 2038 poetae
1066 1975 1107 2038 ne
1125 1953 1350 2022 desideremus.
1365 1974 1405 2013 ⁵³³

204 2059 382 2124 1111111111
405 2058 446 2123 ab
470 2059 528 2123 1111
551 2059 776 2124 emendatione
799 2057 963 2144 perfacilis
987 2059 1027 2124 ad
1050 2059 1222 2128 veritatem
1245 2064 1351 2128 aditus

205 2171 283 2231 erat
328 2165 415 2233 Nam
437 2165 520 2230 nihil
544 2187 620 2232 sanc
644 2166 732 2232 aliud
759 2167 795 2230 in
817 2169 963 2232 monstro
987 2167 1166 2251 scripturae
1188 2172 1352 2236 reuulsus

204 2269 294 2358 (hine
322 2273 408 2338 enim
436 2272 716 2356 proficiscendum,
747 2295 812 2338 non
841 2296 861 2338 a
888 2272 1088 2338 noviciorum
1115 2275 1262 2340 codicum
1286 2300 1351 2341 mc-

205 2381 309 2445 moria
339 2378 573 2466 recursantium)
605 2379 839 2444 11111Τ11111111
870 2401 989 2444 nomen
1020 2378 1163 2446 delituit:
1195 2381 1230 2446 id
1265 2383 1350 2467 quod

205 2487 270 2552 iam
298 2489 326 2553 is
353 2488 502 2572 quisquis
529 2487 592 2552 fuit
620 2487 736 2569 sensit,
769 2486 857 2551 cuins
887 2505 986 2552 manu
1009 2487 1130 2552 recenti
1153 2488 1350 2573 adscriptum

202 2598 255 2684 vt
276 2596 311 2659 in
329 2594 476 2681 margine
495 2593 634 2658 Parisini
654 2593 805 2658 terentius.
842 2591 916 2658 Nisi
935 2593 1018 2678 quod
1037 2592 1119 2658 illud
1137 2616 1203 2659 non
1222 2618 1239 2660 e
1257 2619 1351 2662 versu

204 2700 310 2783 primo
332 2701 395 2766 huc
419 2705 469 2765 est
493 2699 602 2785 aliquo
622 2721 699 2764 casu
717 2699 872 2784 delatum,
894 2721 976 2784 qnae
995 2698 1152 2784 Scaligeri
1171 2723 1262 2766 mens
1280 2703 1351 2786 fuit,

204 2807 261 2870 scd
288 2807 397 2872 sedem
426 2827 517 2871 suam
545 2807 580 2870 in
603 2807 737 2872 alterius
760 2807 923 2892 principio
945 2807 1134 2890 occupabat.
1180 2805 1233 2872 Sic
1256 2810 1351 2894 enim,

205 2913 268 2978 nisi
292 2914 403 2978 omnia
424 2913 558 2996 fallunt,
586 2914 767 2998 antiquitus
797 2913 953 2997 scriptum
976 2912 1056 2977 fuit:
1090 2911 1350 2996 1111111111-

204 3026 315 3086 cantur
335 3021 474 3104 11111111,
497 3021 621 3084 11111111
643 3017 918 3104 eructuarent?
947 3039 1011 3084 noa
1033 3018 1104 3104 has,
1127 3021 1201 3085 iura
1221 3023 1276 3104 qui
1292 3045 1350 3106 po

199 3127 287 3208 pulis
313 3128 419 3211 dabat,
450 3149 476 3192 e.
500 3149 530 3212 q.
554 3149 577 3191 s.
623 3125 719 3192 Nihil
745 3127 780 3191 in
808 3127 870 3192 hoc
898 3127 1046 3210 exemplo
1073 3127 1161 3193 ultra
1189 3133 1350 3196 mutatum

204 3236 333 3317 praeter
364 3233 478 3318 libros,
510 3233 575 3298 nisi
608 3233 694 3317 quod
726 3233 968 3298 modestissima
999 3233 1136 3298 duarum
1165 3235 1349 3304 litterarum

205 3339 388 3404 accessione
411 3340 535 3404 caruem
557 3360 629 3404 cum
648 3339 769 3404 Bothio
792 3339 915 3404 lactum
934 3343 983 3406 est
1001 3363 1018 3406 e
1038 3342 1132 3425 111111,
1155 3343 1349 3410 modestiore

203 3444 348 3529 profecto
372 3467 470 3530 quam
493 3467 557 3530 qua
579 3445 631 3510 vel
654 3447 741 3510 1111111
763 3452 838 3511 sunt
858 3449 927 3513 cedo
945 3445 1102 3514 Erasmus
1122 3449 1280 3515 suadebat
1297 3451 1348 3516 vel

203 3551 253 3616 dic
274 3551 355 3617 uliu'
369 3557 443 3618 cunt
465 3551 723 3636 Oudendorpius:
746 3557 914 3637 praeterea
937 3553 1035 3639 longe
1058 3556 1227 3622 lenissima
1244 3561 1348 3622 trans

204 3659 366 3743 positione
393 3661 467 3724 iuro
488 3659 543 3742 qui
569 3659 749 3743 repositum
777 3681 837 3744 pro
865 3661 920 3742 qui
946 3661 1349 3728 111.-1111111111

204 3765 242 3830 lit
260 3765 423 3850 Scipionis
447 3765 578 3850 mentio,
602 3789 622 3831 a
644 3787 707 3851 quo
730 3766 835 3832 factas
858 3765 985 3833 fabulas
1009 3767 1146 3832 edidisse
1161 3767 1348 3833 Terentium

204 3871 258 3937 hie
280 3876 378 3958 pocta
400 3877 539 3940 testatus
563 3875 634 3939 erat
656 3877 786 3939 auctore
805 3873 943 3940 Donato.
980 3873 1135 3940 Fatemur
1157 3897 1223 3942 non
1245 3875 1348 3940 nomi·

203 3980 288 4044 nari:
310 4000 377 4045 non
394 3980 541 4064 potuisse
561 3980 707 4065 intellegi
726 4000 891 4065 negamus.
924 3980 977 4046 An
994 3981 1155 4047 nominari
1175 3982 1348 4048 contendes

204 4086 232 4150 si
262 4085 464 4172 Scaligerum
497 4087 599 4151 secuti
630 4085 757 4152 Publius
789 4088 1027 4173 amplectamur
1058 4111 1118 4174 pro
1144 4089 1283 4172 populis,
1314 4089 1348 4152 in

202 4195 297 4259 tanta
315 4191 446 4278 quidem
460 4191 649 4257 Publiorum
667 4193 872 4278 frequentia?
909 4193 1152 4260 Recordandum
1172 4199 1222 4259 111
1240 4198 1347 4259 autem

204 4299 285 4366 duos
309 4321 379 4365 esse
402 4298 534 4364 omnino
559 4321 578 4363 a
601 4299 718 4382 quibus
742 4300 888 4365 adiutum
910 4300 945 4364 in
968 4301 1137 4366 scribendo
1160 4299 1347 4366 Terentium

204 4406 292 4473 fama
314 4408 448 4490 ferebat,
472 4402 507 4470 0.
521 4404 668 4470 Laelium
692 4409 725 4469 ct
746 4403 781 4470 P.
795 4405 993 4491 Scipionem:
1017 4429 1034 4472 e
1058 4407 1175 4491 quibus
1199 4429 1272 4472 cum
1290 4408 1347 4472 ille

202 4512 274 4577 iura
300 4513 430 4598 populis
458 4512 550 4578 nulla
572 4513 647 4578 ullis
671 4511 826 4596 dedisset,
852 4512 934 4578 nihil
958 4513 1107 4580 relictum
1131 4517 1201 4580 erat
1223 4515 1287 4579 nisi
1310 4519 1347 4578 ut

256 4635 297 4670 ra
312 4637 462 4684 aruscasrnr
477 4637 611 4674 orvscvna
630 4638 671 4672 111.
1101 4621 1134 4676 18

217 4741 252 4811 ,-
