3302 5106
285 383 350 446 396
706 400 753 445 nn
777 400 811 446 n.
827 399 1001 448 vnnncms

284 543 372 605 iriam
399 544 606 621 nominatam,
638 544 721 624 qrrorl
746 542 789 607 ibi
817 542 900 608 Imm
927 543 1090 608 adoleverit
1117 544 1217 625 ibique
1243 545 1336 608 etiam
1359 543 1430 608 Iooi

284 651 429 730 nupserit.
468 648 645 733 Aliquanto
669 650 822 714 incertior
844 672 894 714 res
919 649 957 714 de
977 651 1078 733 Libya
1096 647 1255 736 terrenior]
1274 653 1336 715 τοῦ
1354 647 1428 716 ὕειν

285 756 369 840 apud
394 755 540 821 Servium
564 757 597 821 in
621 755 701 821 Aen.
723 756 749 841 1,
772 758 824 821 22.
870 756 932 822 Sed
956 757 994 822 de
1018 757 1070 821 his
1093 758 1183 822 satis.

808 957 828 1034 s
852 955 904 1018 20.

230 1163 236 1175 .
374 1049 577 1142 Giometriae
601 1078 692 1142 notio
717 1076 985 1161 quemadmodum
1009 1100 1074 1141 una
1097 1098 1135 1141 ex
1159 1080 1303 1161 partein
1323 1083 1428 1144 terrae

285 1184 427 1248 rationes
451 1183 686 1269 geographicas
709 1185 836 1272 patuit,¹
850 1183 1028 1248 ita'eadem
1048 1185 1087 1248 ad
1106 1185 1272 1268 mnndum,
1295 1187 1428 1276 caelum,

285 1290 391 1354 sidera
414 1292 534 1356 tralata
557 1290 669 1376 genuit
692 1312 730 1354 ex
755 1312 789 1354 se
813 1291 1047 1354 astronomiam
1071 1289 1120 1354 vel
1149 1294 1186 1353 ut
1209 1289 1349 1356 Varroni
1372 1315 1427 1376 ap-

284 1399 406 1482 pellata
434 1403 484 1463 est
511 1399 777 1483 astrologiam.
828 1395 926 1462 Cuius
959 1397 1075 1462 similis
1103 1419 1174 1461 cum
1204 1397 1327 1462 musica
1353 1421 1427 1464 con·

284 1504 381 1590 dicia,
404 1507 503 1590 qnod,
531 1527 725 1590 quamquam
748 1504 1053 1589 pars'geometriae,
1076 1508 1186 1568 tamen
1210 1527 1354 1570 seorsum
1378 1511 1429 1572 est

243 1634 270 1673 ro
285 1616 321 1676 nt
350 1611 521 1696 peculiaris
551 1612 723 1696 disciplina
750 1615 959 1696 pertractata.
1004 1611 1234 1675 Astronomiae
1258 1615 1365 1676 autem
1389 1635 1427 1677 ex

284 1718 478 1804 geometria,
506 1718 597 1783 cuius
617 1739 800 1801 permenam
823 1717 906 1783 dixit
929 1716 1111 1784 Marcianus
1135 1717 1181 1782 VI
1204 1741 1234 1802 p.
1261 1719 1337 1802 190,
1365 1720 1427 1784 ori·

284 1826 392 1909 gincm
416 1847 481 1890 non
496 1825 714 1901 Quintilianus
737 1828 865 1890 tantum
884 1826 1055 1909 profitetur
1074 1847 1146 1889 cnm
1161 1822 1356 1890 Cassiodoro
1376 1827 1427 1906 §2

284 1936 569 2014 commemoratus,
602 1930 658 1994 sed
681 1931 811 1995 uberius
834 1931 904 2016 ipse
927 1930 1034 1996 Varro
1058 1930 1232 2014 explicavit
1254 1931 1295 1996 iis
1320 1933 1426 1997 verbis

284 2061 366 2123 qnae
400 2061 417 2102 e
450 2037 567 2104 Boetia
596 2037 854 2122 Cassiodoroque
877 2041 898 2118 ἓ
924 2037 963 2102 18
987 2037 1245 2122 perscripsimus.
1287 2037 1375 2114 Quae
1400 2039 1427 2102 si

285 2144 458 2228 sequimur,
480 2166 540 2209 nec
563 2144 639 2208 anni
664 2144 814 2208 metiendi
839 2145 982 2208 rationes
1007 2165 1026 2208 a
1049 2167 1106 2209 sua
1129 2144 1308 2230 geometria
1322 2144 1427 2210 Varro

285 2251 430 2334 exclusit,
453 2249 508 2315 sed
532 2249 571 2315 dc
594 2250 797 2333 temporibus
821 2249 855 2314 in
878 2251 1079 2316 astronomia
1102 2273 1238 2335 quoque,
1261 2253 1298 2315 ut
1320 2251 1352 2314 in
1367 2251 1427 2316 Re·

283 2379 355 2420 rum
375 2356 589 2420 humanarum
608 2356 709 2440 libris,
728 2359 964 2422 commentatus
984 2359 1046 2420 est:
1066 2379 1263 2442 quamquam
1279 2357 1310 2422 id
1326 2377 1427 2442 genus

284 2465 392 2547 potnit
421 2465 559 2528 strictim
587 2486 783 2547 percurrere.
828 2463 896 2528 Neo
925 2463 1054 2528 invenio
1082 2463 1167 2547 quod
1192 2487 1209 2527 e
1232 2465 1425 2549 fragmentis

284 2570 322 2633 ad
349 2571 438 2652 anni,
462 2569 636 2652 mensium,
665 2569 787 2634 dierum
812 2570 870 2633 vet
885 2571 1051 2634 naturales
1075 2570 1127 2634 vel
1150 2571 1261 2635 civiles
1284 2572 1427 2636 rationes

285 2677 506 2760 spectantibus
531 2674 586 2761 (of.
610 2674 779 2742 Censorini
799 2699 824 2741 c.
839 2675 896 2760 22)
920 2675 1173 2760 Disciplinarum
1197 2677 1427 2762 potiusquam

284 2783 542 2870 Antiquitatium
557 2784 649 2849 libris
665 2807 739 2849 oum
754 2783 862 2868 aliqua
876 2783 1108 2868 probabilitate
1123 2783 1277 2867 tribuam,
1299 2788 1427 2868 praeter

284 2913 384 2957 unum
407 2893 546 2958 fortasse
564 2891 642 2956 hoe:
665 2892 724 2956 Ait
740 2892 823 2986 enim
836 2888 970 2976 (Varro)
985 2891 1071 2972 apud
1083 2890 1248 2973 Aegyptios
1261 2911 1321 2972 pro
1334 2891 1428 2955 amieis

284 3017 400 3063 ommes
430 2997 548 3077 lraberi,
580 3003 616 3062 at
645 3019 709 3064 non
739 2999 813 3064 solis
838 3019 898 3080 per
929 2997 1010 3062 XII
1036 2999 1127 3080 sipoto
1157 2999 1302 3063 circuitos
1329 2997 1430 3078 faeiat

284 3125 417 3185 amorim,
448 3106 501 3169 sal
527 3105 604 3170 lano
630 3126 707 3188 qaae
734 3106 834 3170 orbem
862 3105 952 3169 illitos
979 3105 1162 3188 si'poiseram
1184 3103 1289 3170 XXX
1308 3104 1428 3167 dieram

282 3212 383 3294 spatio
406 3211 560 3276 illustrat:
584 3233 665 3296 quae
689 3209 790 3274 habos
814 3209 976 3274 Lactantii
994 3211 1064 3276 Div.
1079 3211 1154 3275 inst.
1168 3209 1211 3294 II,
1228 3211 1277 3274 12.
1310 3209 1426 3285 Quam·

285 3339 382 3403 qnam
412 3317 464 3382 his
496 3319 523 3383 si
553 3317 754 3401 reputaveris
778 3315 957 3380 Varronem
987 3318 1199 3400 orpnmenlari
1227 3317 1337 3381 airam
1367 3337 1429 3380 esso

284 3445 339 3488 ear
362 3429 549 3506 pritarmlar
575 3425 698 3507 ammi·
725 3424 810 3488 millo
837 3443 936 3488 annos
962 3425 1127 3502 victitasse,
1159 3423 1269 3488 neseio
1298 3445 1338 3486 an
1362 3445 1427 3487 non

284 3532 391 3596 minus
415 3533 581 3598 commode
605 3530 724 3596 adeas
748 3531 953 3616 quaestiones
975 3531 1040 3596 illa
1062 3531 1257 3614 referantur,
1285 3551 1365 3613 quas
1389 3528 1428 3592 de

283 3640 365 3703 oilae
386 3639 536 3704 macae
557 3637 712 3703 lramaoao
734 3635 916 3702 instituisse
935 3635 1118 3701 Varronem
1140 3659 1214 3700 vere
1238 3635 1426 3700 Krahnerus

285 3768 315 3828 p.
340 3747 382 3810 26
415 3745 568 3830 disputat.
613 3743 689 3810 Non
716 3766 780 3808 uno
809 3743 843 3806 in
871 3743 955 3826 loco,
988 3744 1039 3806 sat
1067 3741 1234 3806 commode
1262 3745 1371 3806 antem
1394 3741 1427 3804 in

285 3853 484 3917 astronomia
506 3852 625 3916 eaelum
647 3851 754 3934 potuit
777 3873 796 3914 a
818 3849 933 3914 caelato
956 3847 1084 3930 ducere,
1116 3847 1148 3912 id
1177 3847 1261 3932 quod
1286 3869 1358 3912 eum
1382 3847 1426 3910 fe·

285 3959 368 4024 cisse
392 3958 518 4022 Plinius
542 3980 579 4021 eo
603 3957 687 4020 libro
710 3960 849 4021 testatur
863 3977 936 4039 ‚quo
954 3956 991 4019 de
1007 3955 1123 4020 orando
1141 3959 1169 4020 et
1186 3955 1339 4020 amatorias
1357 3953 1427 4037 ipse

286 4065 445 4148 exposuit,
468 4063 498 4126 h.
523 4085 549 4128 e.
571 4062 614 4146 II,
636 4064 667 4148 4,
690 4063 720 4127 9.
766 4064 882 4148 Itaque
905 4063 1017 4128 eodem
1041 4063 1183 4146 pertinet
1205 4063 1344 4127 fortasse
1368 4059 1426 4124 Isi·

286 4171 356 4237 dori
384 4170 541 4234 memoria
568 4169 646 4234 item
675 4191 712 4234 eo
741 4169 823 4236 libro
851 4169 979 4254 prodita
1006 4191 1101 4254 quem
1129 4167 1206 4233 fecit
1236 4167 1275 4233 de
1304 4167 1428 4245 mando,

285 4279 451 4356 immuta,
473 4278 554 4342 eaelo
577 4275 801 4360 similibusque
823 4275 934 4358 rebus,
964 4274 1057 4359 XIII,
1083 4277 1115 4359 1,
1139 4277 1174 4340 2:
1205 4275 1287 4340 ande
1308 4279 1337 4338 et
1357 4274 1428 4338 ani-

285 4384 384 4447 matio
403 4385 538 4448 Varroni
554 4384 695 4448 oidmtor
713 4383 866 4457 elementa,
883 4383 1031 4462 onmium
1044 4402 1102 4464 per
1119 4385 1211 4446 sanet
1227 4383 1305 4462 ipso,
1318 4380 1429 4462 inquit,

288 4493 452 4556 aomar.
484 4490 592 4558 Dubia
610 4491 715 4576 magis
735 4510 787 4552 res
805 4487 844 4552 de
864 4487 1005 4554 eiusdem
1023 4488 1212 4554 testimonio
1228 4485 1318 4572 VIII,
1332 4487 1429 4567 6,2l:
