3288 5100
279 330 344 395 512
608 349 723 396 uanas
747 329 891 396 vauao's
915 341 1092 397 ruleruvu

367 488 442 554 Nou
479 492 662 574 promiscue
699 491 890 556 distributas
927 491 1148 558 hebdomadas
1180 497 1285 564 multo
1319 503 1428 566 miuus

279 597 431 661 credibile
450 600 500 660 est
517 597 701 680 promiscuo
722 601 912 682 argumento
931 597 1039 663 fuisse.
1067 599 1112 664 nt
1134 601 1276 684 primum
1296 608 1427 690 quidem

278 704 372 768 uuius
406 703 612 786 eiusdemque
649 704 776 787 generis
813 704 961 776 homines
995 705 1132 790 singulis
1169 706 1427 779 hebdomadibus

279 810 477 894 compositos
502 831 572 873 esse
596 831 669 873 cum
696 831 748 873 res
776 808 990 892 ipsasuadet
1009 815 1047 876 ut
1074 811 1240 878 credamus
1268 820 1337 884 tum
1360 843 1426 886 uno

279 921 366 982 certo
387 916 534 999 exemplo
553 936 655 1000 eoque
674 916 772 998 longe
791 915 1034 981 evidentissimo
1052 939 1186 1001 prorsus
1205 925 1426 1003 persuadetur.

277 1021 522 1107 Magnificentia
542 1021 629 1088 enim
649 1022 809 1106 uillarum,
828 1024 994 1101 atriorum,
1014 1024 1202 1090 balneorum
1223 1027 1256 1092 iu
1270 1027 1425 1098 Mosellae

278 1129 358 1213 ripis
370 1128 630 1213 ,conspicuorum
653 1128 709 1193 ubi
728 1127 883 1194 Mosellae
903 1129 1106 1195 laudatorem
1125 1131 1308 1198 Ausonium
1327 1135 1426 1204 Grae·

279 1257 390 1300 eorum
420 1257 569 1319 operum,
604 1257 741 1320 quorum
770 1237 828 1301 ille
856 1235 1060 1319 splendorem
1090 1238 1341 1326 aemularentur,
1373 1244 1426 1308 ad-

278 1343 418 1424 monuit,
450 1343 589 1424 exempli
619 1363 735 1407 caussa
766 1344 920 1425 quattuor
948 1343 1088 1407 artifices
1117 1343 1257 1410 G1aecos
1289 1369 1327 1411 cx
1361 1365 1426 1414 una

278 1448 479 1514 hebdomade
503 1445 709 1537 Varroniano
731 1447 925 1513 nominatim
949 1454 1183 1514 commemorat
1205 1473 1233 1515 r.
1258 1453 1324 1517 305
1343 1476 1425 1538 sqq.:

367 1581 494 1647 Forsan
516 1585 550 1644 et
572 1581 719 1666 insignes
742 1581 973 1664 hominumque
997 1603 1194 1666 operumque
1218 1585 1345 1650 labores

368 1687 431 1753 Hic
453 1687 571 1753 hahuit
593 1687 740 1752 decimo
765 1685 966 1751 celebrata
988 1688 1184 1753 volumine
1207 1687 1350 1757 Marcei

367 1793 594 1861 Hebdomas.
624 1795 679 1859 hic
702 1794 782 1858 clari
806 1793 936 1878 viguere
959 1792 1154 1860 Menecratis
1179 1800 1280 1877 artes,

369 1900 476 1984 Atque
499 1901 622 1985 Ephesi
646 1903 792 1985 spectata
815 1921 945 1984 manus,
968 1901 1019 1964 vel
1043 1900 1078 1964 in
1102 1923 1175 1968 arce
1199 1901 1363 1971 Minervae

368 2006 504 2090 Ictinus,
528 2007 655 2092 magico
680 2007 731 2071 cui
755 2013 876 2072 noctua
900 2007 1019 2090 perlita
1042 2008 1116 2074 fuco
1286 2007 1291 2016 ’

368 2113 483 2176 Allicit
506 2133 601 2176 omne
625 2133 728 2197 genus
751 2113 899 2178 volucres
923 2114 1118 2199 perimitque
1141 2099 1269 2180 tuendo.
1347 2121 1351 2132 '

369 2217 528 2285 Conditor
549 2219 603 2284 hic
625 2219 738 2284 forsan
761 2219 861 2284 fuerit
882 2218 1103 2284 Ptolemaidos
1128 2219 1222 2284 aulae

331 2348 336 2360 ·
367 2325 586 2410 Dinochares,
609 2325 660 2390 oui
685 2326 845 2409 quadrato
868 2325 903 2390 in
925 2325 1060 2410 fastigia
1083 2347 1163 2391 cono

370 2431 483 2518 Surgit
506 2432 633 2515 etipsa
656 2453 732 2496 suas
756 2432 919 2498 consumit
941 2433 1087 2516 pyramis
1110 2433 1242 2498 umbras
1269 2470 1305 2479 —

279 2587 305 2632 c.
329 2591 358 2651 q.
383 2589 406 2631 s.
443 2565 512 2632 Nec
540 2565 626 2628 enim
655 2560 855 2648 Scaligerum
884 2563 1078 2629 audiendum
1107 2587 1189 2649 esse,
1221 2587 1286 2630 non
1320 2567 1427 2633 solitis

279 2672 415 2758 argutiis
435 2672 515 2736 haee
534 2670 631 2756 longe
646 2669 743 2734 aliam
757 2671 790 2733 in
809 2674 936 2754 partem
955 2669 1234 2756 interpretantem,
1253 2673 1427 2740 sanissimo

281 2779 399 2844 iudicio
427 2777 552 2863 pridem
586 2773 778 2860 Salmasius,
806 2775 977 2840 Reinesius
1010 2773 1086 2841 Var.
1114 2777 1187 2844 lect
1214 2777 1260 2863 H,
1287 2783 1302 2844 1
1338 2785 1427 2865 extr,

279 2885 337 2950 alii
364 2887 608 2968 perspexerunt.
654 2883 768 2966 Itaque
795 2881 834 2945 de
863 2885 1016 2965 quattuor
1043 2882 1110 2946 illis
1140 2884 1324 2950 architectis
1353 2908 1426 2951 cum

279 2991 377 3076 longo
402 3013 440 3055 ex
469 2994 614 3075 tempore
636 2989 727 3053 nulla
754 2987 914 3052 dubitatio
942 2987 1072 3072 fuisset,
1100 3011 1203 3073 nuper
1232 2991 1360 3058 demum
1384 2993 1426 3058 ab

279 3097 390 3163 eadem
410 3119 525 3161 caussa
546 3118 599 3161 eos
624 3117 705 3180 quos
728 3094 778 3160 illi
798 3093 964 3177 excipiunt
982 3085 1330 3181 versus'segregaudos
1355 3121 1426 3164 esse

278 3203 415 3268 Iacobus
443 3201 645 3285 Beruaysius
678 3205 790 3266 noster
821 3199 964 3286 negabat
993 3199 1212 3267 admonitione
1243 3205 1425 3271 utilissima.

279 3309 340 3386 Qui
364 3309 398 3373 hi
421 3312 498 3373 sunt
520 3308 593 3372 inde
617 3329 636 3372 a
659 3307 738 3372 298:

368 3442 446 3520 Quis
470 3442 557 3525 potis
581 3441 769 3506 innumeros
793 3441 961 3526 cultusque
984 3439 1180 3526 habitusque
1203 3448 1351 3508 reterens

367 3548 513 3614 Pandere
535 3547 714 3613 tectonicas
737 3569 795 3632 per
818 3547 946 3633 singula
969 3547 1102 3630 praedia
1125 3547 1270 3614 formas?

367 3655 442 3722 Non
464 3655 527 3720 hoc
551 3658 685 3739 spernat
708 3677 788 3738 opus
812 3653 991 3738 Gortynius
1015 3654 1118 3737 aliger
1141 3653 1232 3720 aedis

368 3760 524 3828 Conditor
546 3761 723 3844 Euboicae,
747 3783 840 3826 casus
865 3783 960 3846 quem
984 3761 1106 3845 fingere
1130 3760 1164 3825 in
1188 3782 1267 3824 auro

367 3865 547 3932 Oonantem
571 3865 692 3932 Icarios
716 3867 816 3950 patrii
839 3867 993 3951 pepulere
1016 3865 1156 3931 dolores:

367 3971 443 4038 Non
466 3972 561 4037 Philo
585 3969 776 4056 Cecropius,
798 3994 862 4037 non
887 3973 942 4056 qui
965 3972 1115 4036 laudatus
1140 3973 1180 4036 ab
1205 3972 1298 4036 hoste

368 4078 465 4145 Clara
488 4077 651 4162 Syracosii
674 4079 775 4144 traxit
797 4078 975 4144 certamina
997 4078 1085 4143 belli.

279 4213 379 4279 Vides
403 4214 478 4298 quid
501 4211 576 4277 hinc
600 4215 824 4295 consequatur.
858 4211 911 4277 An
929 4233 1006 4276 casu
1029 4211 1152 4274 factum
1174 4211 1305 4294 putabis
1330 4212 1425 4296 quod,

279 4323 432 4404 utrosque
455 4341 565 4385 versus
593 4319 650 4384 ubi
674 4317 862 4398 sociaveris,
890 4323 926 4384 ut
954 4320 1030 4382 suut
1059 4317 1100 4382 ab
1124 4315 1271 4382 Ausonio
1300 4317 1424 4402 sociati,

279 4449 346 4498 uec„
369 4427 477 4510 plures
510 4425 670 4509 prodeunt
701 4445 760 4488 uec
793 4426 959 4507 pauciores
992 4446 1089 4507 quam
1122 4446 1187 4488 una
1223 4421 1424 4488 hebdomade
