3274 5114
637 419 920 469 commuuimus.
1286 402 1351 467 223

205 563 281 629 Ner.
304 563 356 628 38.
403 561 606 646 Omninoque
634 562 669 625 in
695 563 768 645 plus
797 561 915 647 viginti
944 561 1100 646 exemplis
1128 583 1194 627 non
1222 561 1404 644 repperisse

205 669 270 732 nisi
298 669 439 754 quinque
468 667 590 732 ordinis
614 668 785 751 contrarii,
814 669 961 734 simodo
985 670 1026 733 ab
1050 689 1187 732 unorum
1210 669 1352 732 ciuilium

207 775 352 840 bellom
374 773 440 860 (vel
459 775 562 840 macilis
579 772 665 860 belli)
689 774 854 839 mentione
878 774 1064 857 recesseris,
1086 773 1121 838 in
1145 795 1208 857 quo
1232 795 1351 858 genere

207 882 277 947 solo
300 881 422 947 totiens
446 881 526 965 fere,
556 881 706 965 quotiens
730 869 895 964 praeeedit
918 880 1126 964 adiectivum‚
1155 880 1239 944 idem
1262 885 1350 964 post-

206 988 391 1076 ponitur*).
630 979 634 986 ’

294 1093 372 1176 Peg.
386 1093 487 1170 205‚3
509 1097 539 1158 et
559 1097 652 1159 nanc
673 1093 716 1158 sit
737 1098 766 1158 et
786 1097 933 1176 ntortuuc,
956 1113 1016 1176 pro
1040 1113 1077 1157 eo
1102 1093 1187 1176 quod
1210 1093 1284 1158 inde
1309 1094 1350 1158 ab

205 1199 327 1265 Aldina
355 1200 507 1285 vulgatur
534 1205 628 1264 natus
654 1201 697 1264 sit
721 1204 751 1263 et
777 1204 931 1284 mortuus,
963 1199 1097 1264 dubium
1120 1200 1174 1264 vix
1198 1205 1249 1265 est
1272 1200 1351 1285 quin

205 1310 292 1370 recte
315 1309 446 1369 eruatur
470 1327 487 1370 e
510 1305 667 1370 librorum
692 1305 852 1389 scriptura
874 1309 970 1370 natus
991 1311 1035 1371 est
1056 1311 1085 1371 ct
1105 1312 1261 1372 mortuus:
1295 1307 1352 1372 ubi

206 1412 335 1496 elapsae
359 1412 400 1476 ab
423 1411 519 1476 initio
542 1417 571 1476 et
593 1413 782 1500 perticplae‚
805 1434 901 1497 quem
921 1411 1124 1497 geminatam
1142 1413 1279 1498 requirit
1302 1435 1350 1478 ar-

207 1518 418 1604 gmmentandi
438 1518 609 1600 evidentia,
632 1519 702 1602 ipse
721 1519 859 1584 vitiosus
878 1524 923 1584 est
940 1519 1136 1610 indicativus
1154 1520 1272 1585 indicio
1293 1526 1350 1585 est.

296 1623 334 1690 V.
362 1625 398 1699 4,
430 1626 488 1690 ubi
520 1647 652 1710 prorsus
684 1626 867 1690 necessaria
895 1630 951 1690 aut
977 1626 1150 1708 particule,
1183 1627 1238 1711 qui
1267 1629 1350 1691 tueri

206 1731 357 1796 Numidis
374 1731 557 1798 etGaetulis
579 1731 719 1796 Rothius
743 1755 773 1816 p.
787 1733 847 1796 l‘l'l
873 1731 1024 1816 potuerit,
1048 1753 1144 1817 aegre
1167 1733 1350 1816 intellegas.

294 1836 419 1902 Ibidem
447 1837 577 1920 prodita
604 1837 638 1902 in
667 1837 760 1901 libris
784 1836 884 1902 verba
907 1837 1076 1902 adducere
1097 1857 1263 1902 romanum
1279 1861 1350 1921 pcr-

205 1944 312 2008 aenirc
337 1945 487 2027 potuisse,
518 1943 554 2008 in
586 1943 704 2027 quibus
736 1943 883 2028 ineptum
917 1948 968 2008 est
1000 1944 1112 2008 ducem
1145 1945 1351 2029 potissimum

206 2049 462 2132 commemorari,
485 2049 548 2114 etsi
571 2049 612 2114 ed
636 2071 748 2114 sanam
771 2050 968 2136 eandemque
992 2051 1073 2116 satis
1098 2052 1264 2137 eleganter
1286 2055 1349 2119 ele·

206 2159 276 2220 tam
300 2155 496 2221 sententiam
513 2153 699 2240 Schopenus
719 2157 803 2240 apud
818 2156 1063 2223 Fleckeisenum
1083 2159 1184 2242 praef.
1197 2159 1268 2226 Ter.
1283 2183 1313 2244 p.
1328 2180 1351 2226 v

209 2261 256 2326 sia
278 2263 458 2327 revocavit:
490 2263 602 2327 adduci
623 2261 758 2326 &mam
785 2263 886 2344 abac
912 2265 1038 2329 namire
1059 2266 1209 2347 potuisse,
1241 2271 1351 2330 tamen

208 2390 266 2432 cur
301 2367 387 2433 haud
420 2368 529 2452 paullo
566 2367 722 2433 leniorem
754 2369 864 2434 Iacobi
897 2370 1054 2434 Gronovii
1090 2371 1350 2436 emendationem

208 2495 396 2558 spernamus
420 2475 519 2538 dium
541 2474 572 2539 h.
597 2495 622 2538 e.
645 2476 805 2539 dominum
828 2497 887 2558 pro
910 2477 1015 2542 diecem
1037 2477 1238 2561 reponentis,
1262 2499 1352 2542 caus·

207 2603 277 2644 sam
299 2603 367 2646 non
389 2581 493 2646 video.
530 2580 612 2646 Esto
635 2585 673 2645 ut
695 2581 864 2664 proprium
888 2583 933 2646 sit
952 2581 1002 2647 ‘de
1026 2583 1128 2647 servis
1151 2585 1351 2650 vaenelibur'

206 2689 318 2753 adduci
349 2689 496 2753 verbum:
542 2692 577 2753 at
608 2710 668 2753 nec
701 2689 807 2753 nrinus
840 2689 970 2774 proprie
1002 2691 1053 2754 vel
1086 2689 1268 2754 hereditate
1300 2691 1352 2756 rel

208 2795 372 2878 emptione
403 2816 456 2859 res
489 2794 655 2879 quaelibet
687 2794 728 2860 ed
761 2795 903 2879 aliquem
929 2797 1092 2877 peruenire
1124 2795 1256 2878 dicitur,
1292 2819 1352 2862 nec

208 2901 338 2966 omnino
372 2901 571 2985 proprietate
603 2901 776 2966 verborum
805 2923 886 2985 opus
917 2906 967 2966 est
996 2901 1053 2966 ubi
1083 2901 1165 2966 nihil
1196 2903 1260 2966 nisi
1290 2903 1352 2968 hoc

208 3007 327 3091 agitur,
350 3011 475 3073 utnon
497 3007 645 3092 intellegi
668 3007 848 3072 declaretur
871 3007 1032 3092 quomodo
1056 3007 1098 3072 ab
1122 3007 1212 3072 Afris
1237 3013 1351 3092 ceptus

154 3177 158 3186 ,
207 3118 304 3196 poeta
328 3135 439 3178 servus
462 3113 532 3178 fieri
554 3113 694 3178 Romani
716 3113 859 3178 bominis
883 3114 1036 3198 potuerit.
1074 3113 1224 3179 Ceterum
1247 3117 1352 3180 illicem

207 3241 279 3282 vere
298 3218 439 3284 Rotbius
457 3219 541 3284 dixit
558 3220 623 3285 iam
648 3220 689 3284 ab
715 3242 751 3285 eo
776 3221 895 3285 lectum
918 3220 974 3304 qui
998 3221 1243 3306 epigrammatis
1267 3221 1351 3305 apud

207 3323 429 3390 Burmannum
452 3343 488 3408 11,
511 3326 591 3409 220,
614 3325 699 3408 apud
723 3325 888 3410 Meyerum
912 3327 991 3410 845,
1014 3327 1100 3392 hunc
1122 3349 1251 3392 uersum
1274 3327 1353 3392 fecit

276 3533 303 3603 *l
322 3533 450 3604 Quinque
469 3551 541 3604 quae
555 3535 645 3590 exemi
660 3536 790 3606 exempla
804 3537 873 3590 baec
888 3538 964 3591 suntz
984 3537 1083 3592 bellum
1092 3537 1216 3592 Siculum
1226 3537 1299 3606 Aug.
1312 3545 1352 3608 16,

208 3621 350 3676 Siciliense
369 3629 412 3692 70,
433 3623 612 3692 Philippense
630 3625 758 3693 110329.
779 3624 839 3680 Tib.
855 3631 881 3693 b,
905 3625 1083 3680 Vitelliorum
1102 3625 1181 3680 Dom.
1201 3633 1224 3682 1.
1247 3624 1354 3681 Contra

207 3728 279 3778 quae
297 3728 401 3781 magne
419 3712 570 3767 multitudo
589 3713 688 3767 talium
708 3713 796 3768 valet:
826 3713 930 3768 Gallici
947 3715 1091 3784 ciuilisque
1109 3713 1172 3768 belli
1195 3717 1225 3768 et
1248 3713 1353 3768 Gallici

207 3799 270 3854 belli
287 3799 338 3854 lul.
354 3805 396 3868 56,
416 3799 533 3854 Gallicis
551 3801 627 3855 bellis
646 3807 688 3870 69,
710 3801 886 3871 Philippense
904 3803 1002 3856 bellum
1021 3804 1091 3872 Aug.
1112 3809 1154 3871 13,
1175 3803 1352 3872 Philippense

208 3894 232 3941 ct
250 3888 374 3942 Siculum
393 3889 417 3942 b.
437 3887 473 3942 ib.
485 3893 528 3958 22,
548 3889 683 3944 Cimbrico
703 3891 879 3960 Marsicoque
898 3892 922 3945 b.
941 3891 978 3946 ib.
989 3897 1032 3960 23,
1052 3892 1211 3947 Mutinmmi
1224 3893 1248 3948 b.
1263 3891 1350 3948 inst.

207 3977 241 4032 de
259 3979 329 4031 rhet
350 3983 379 4043 1,
408 3977 574 4032 Cantabrico
593 3979 616 4033 b.
642 3981 714 4048 Aug.
733 3985 780 4047 83,
809 3981 1001 4034 Alexandrino
1019 3982 1043 4037 b.
1068 3981 1129 4036 Tib.
1149 3987 1179 4048 4,
1207 3981 1351 4036 Raeticum

212 4065 433 4134 Vindelicumque
451 4067 477 4122 b.
496 4073 520 4134 9,
541 4065 736 4122 Mithridatico
754 4069 778 4124 b.
794 4074 836 4136 37,
856 4067 1018 4123 Gemmuica
1033 4069 1057 4123 b.
1072 4069 1136 4126 Ner.
1147 4077 1172 4137 4,
1198 4071 1351 4126 Viriathini

207 4155 229 4209 b.
251 4153 330 4210 Gulb.
351 4159 376 4221 3,
396 4153 543 4208 Samnitici
561 4155 585 4210 h.
605 4154 661 4210 Vit.
674 4163 697 4210 l.
718 4186 750 4195 -
772 4154 877 4210 ciuilia
896 4157 966 4212 bella
985 4157 1028 4211 vel
1047 4159 1129 4212 maile
1147 4159 1244 4212 bellum
1262 4159 1349 4213 babes

207 4242 256 4297 lul.
276 4249 318 4296 30.
338 4247 381 4296 le.
401 4247 443 4297 68.
462 4247 505 4298 83.
525 4247 568 4310 86,
587 4245 658 4312 Aug.
679 4249 722 4312 83,
742 4243 843 4298 Claud.¹
861 4251 901 4314 13,
925 4245 989 4301 Ner.
1009 4253 1038 4313 2,
1058 4244 1141 4314 Vesp.
1162 4233 1187 4315 7,
1206 4246 1278 4301 Dorn
1307 4253 1349 4316 10,

206 4331 241 4385 ee
261 4331 330 4386 mee.
352 4339 380 4386 l:
408 4332 506 4386 cerrum
524 4333 606 4387 aare
628 4333 673 4386 va
693 4333 762 4386 seua
780 4334 878 4388 curra
904 4333 954 4388 lul.
974 4339 1016 4388 ar.
1036 4315 1141 4389 cosm.
1164 4339 1206 4404 a,
1234 4337 1304 4406 Aug.
1324 4344 1348 4393 a.

206 4425 249 4473 23.
269 4425 311 4475 32.
331 4425 374 4488 40,
394 4417 489 4475 Claud.
504 4427 546 4487 13,
561 4419 645 4490 Vesp.
658 4427 680 4474 1.
693 4427 735 4488 12,
754 4421 833 4474 Dom.
846 4428 870 4476 6.
891 4453 922 4462 -
945 4421 1073 4475 Ceterum
1093 4421 1241 4476 finitimum
1262 4441 1348 4494 genus
1372 4423 1378 4430 “

206 4507 289 4578 tetigi
308 4508 343 4561 aa
362 4525 389 4576 p.
409 4516 471 4578 aro,
492 4517 532 4566 11.
