3294 5104
534 417 746 467 saevusavu
771 403 1108 470 rnuanrrsnnnvns
1314 407 1378 473 293

236 562 293 624 tire
325 581 395 624 cam
424 561 620 626 Beatlaiaais
650 561 814 626 dictitent:
846 562 939 646 quasi
969 585 1034 628 non
1064 564 1169 630 bonae
1201 566 1379 648 scripturae

236 691 308 734 cum
338 668 372 732 in
402 668 561 751 pessimos
596 667 758 733 interdum
789 669 913 734 codices
944 670 1081 736 fortuito
1111 671 1269 756 irrepant,
1308 677 1379 738 tum

235 794 354 859 magno
383 795 461 838 sane
488 795 622 841 numero
649 775 831 840 necessario
859 797 1045 842 communes
1072 779 1285 860 pessimorum
1314 779 1381 844 siut

234 901 308 944 cum
331 877 477 962 optimis:
506 879 600 962 quasi
628 901 703 944 vero
726 901 792 944 non
816 879 960 964 ipsorum
984 883 1204 949 diversissima
1226 886 1312 952 ratio
1336 887 1380 952 sit

235 983 501 1050 Bentleianorum
524 985 693 1049 librorum:
726 987 818 1070 quasi
846 987 983 1072 denique
1011 1010 1124 1054 eorum*
1148 991 1235 1056 ullus
1259 993 1310 1056 vel
1333 993 1378 1058 di-

235 1089 385 1156 stinctius
410 1090 589 1174 descriptus
613 1091 663 1156 vel
687 1091 872 1177 religiosius
895 1094 941 1159 sit
963 1097 1210 1182 pervestigatum.
1255 1097 1378 1175 Quodsi

233 1197 316 1264 forte
340 1198 425 1262 inter
448 1197 550 1262 libros
574 1219 650 1262 mss.
675 1219 755 1282 quos
779 1220 877 1283 supra
899 1202 1119 1267 recensuimus
1142 1203 1270 1268 circiter
1292 1207 1379 1270 octo·

190 1325 192 1328 ·
234 1306 327 1390 ginta
353 1327 437 1370 unus
466 1308 499 1370 et
526 1305 604 1370 item
629 1305 713 1370 alter
736 1309 841 1370 exstet
863 1307 915 1371 vel
938 1307 1133 1392 antiquitate
1156 1309 1207 1374 vel
1231 1309 1378 1375 bonitate

233 1415 357 1477 ceteros
376 1412 548 1496 plerosque
562 1433 724 1496 superans
743 1409 943 1497 (quanquam
961 1413 1023 1480 hoc
1042 1414 1149 1498 ipsum
1169 1437 1233 1500 qua
1250 1417 1378 1481 ratione

235 1539 338 1602 quove
366 1518 435 1582 iure
464 1539 503 1582 ex
526 1518 612 1584 binis
635 1519 777 1584 ternisve
800 1519 851 1584 uel
875 1520 975 1585 etiam
998 1521 1097 1586 nullis
1123 1521 1302 1607 scripturae
1326 1545 1379 1587 ex-

232 1625 347 1708 emplis
371 1647 429 1708 per
442 1623 574 1692 CLXVI
598 1647 710 1692 versus
734 1627 845 1692 allatis
869 1627 1052 1714 colligas‘l),
1075 1633 1184 1694 tamen
1207 1629 1284 1714 quid
1307 1633 1378 1694 tan·

231 1732 305 1796 dem
327 1732 424 1797 celati
447 1736 584 1816 prosunt
605 1732 752 1798 thesauri
775 1734 843 1799 siva
867 1735 908 1800 ad
930 1735 1038 1818 ipsum
1056 1739 1187 1818 poetam
1207 1735 1377 1800 emendan-

232 1837 308 1902 dum
337 1837 405 1903 sive
433 1840 474 1904 ad
502 1862 577 1904 mss.
602 1841 702 1904 testes
730 1840 765 1904 in
792 1861 911 1925 genera
933 1844 966 1904 et
989 1840 1109 1906 classes
1134 1839 1289 1924 quasdam
1313 1841 1378 1906 dis-

231 1945 440 2027 pertiendos?
478 1946 570 2023 Quod
593 1968 667 2011 cum
685 1945 910 2012 firmissimum
934 1969 1003 2012 esse
1026 1947 1158 2013 criticae
1182 1947 1263 2012 artis
1284 1946 1377 2012 facti-

231 2051 349 2118 tandae
378 2053 622 2118 fundamentum
651 2055 769 2138 soleat,
801 2055 837 2120 in
863 2055 953 2120 nulla
981 2059 1093 2122 tamen
1115 2078 1150 2120 re
1173 2054 1279 2140 magis
1303 2054 1377 2119 fluc-

231 2162 323 2224 tuare
351 2163 385 2224 et
411 2159 602 2227 hariolando
630 2162 745 2246 vagari
769 2160 912 2227 Terentii
941 2163 1080 2228 editores
1108 2162 1228 2228 videas.
1273 2160 1377 2226 Nobis

230 2265 346 2350 igitur,
370 2289 433 2352 quo
456 2289 542 2332 nuno
564 2289 616 2332 res
639 2269 711 2333 loco
736 2271 801 2351 est,
825 2267 901 2352 quid
924 2269 1048 2351 putatis
1073 2269 1161 2334 aliud
1184 2268 1377 2350 laciendum,

230 2373 294 2438 nisi
327 2377 364 2438 ut
390 2373 629 2458 praetermissis
661 2375 806 2459 priorum
835 2374 994 2438 editorum
1022 2375 1125 2458 copiis
1157 2373 1309 2438 omnibus
1340 2374 1375 2438 in

230 2479 366 2564 nostris,
389 2481 428 2546 de
452 2481 569 2566 quibus
594 2481 673 2548 solis
696 2479 790 2564 plene
814 2483 954 2564 constet,
983 2480 1221 2546 subsistamus?
1266 2480 1375 2566 Atque

229 2587 264 2652 in
291 2591 433 2652 montem
456 2589 547 2653 venit
569 2587 820 2674 Boettigsranae
844 2587 1089 2672 disputationis,
1113 2611 1177 2673 qua
1200 2586 1281 2652 duas
1303 2609 1374 2652 esse

231 2694 376 2760 codicum
391 2693 660 2762 Terentianorum
678 2693 821 2760 familias
841 2715 1016 2778 eorumque
1035 2696 1145 2780 capita
1163 2699 1195 2760 et
1213 2693 1374 2774 ἀρχηγοὺς

229 2799 422 2866 Bembinum
450 2805 547 2886 atque
570 2801 698 2868 Bentlei
720 2799 1025 2885 Cantabrigiensem
1054 2801 1273 2868 academicum
1300 2824 1373 2884 pro·

228 2909 391 2974 nuntiauit
418 2908 534 2992 Opusc.
568 2930 597 2990 p.
622 2909 695 2972 242.
742 2906 841 2972 (iuius
871 2908 1034 2973 sententia
1060 2929 1137 2992 pars
1166 2907 1270 2972 altera
1296 2929 1374 2972 sera

233 3019 291 3099 est,
313 3015 399 3080 falsa
422 3016 534 3081 altera.
571 3013 655 3091 Quid
679 3017 730 3079 est
753 3013 848 3098 enim,
872 3035 928 3080 cur
949 3015 1002 3079 vel
1025 3015 1109 3078 inter
1132 3013 1221 3097 ipsos
1244 3013 1372 3079 Bentle·

230 3122 321 3188 ianoe
355 3121 436 3187 adeo
470 3120 609 3186 eminere
641 3143 723 3186 unus
755 3121 812 3186 ille
836 3121 1047 3187 Academicus
1079 3121 1249 3186 credatur?
1286 3120 1373 3206 quod

229 3229 323 3313 quale
356 3229 400 3294 sit
432 3249 599 3313 speramus
631 3225 700 3292 fore
732 3231 770 3292 ut
800 3227 953 3294 Vestrum
987 3225 1148 3312 quispiam
1180 3227 1372 3311 explicatius

230 3339 451 3420 persequatur.
496 3333 637 3398 Rursum
671 3338 779 3400 autem
811 3335 887 3419 quid
920 3339 982 3419 est,
1014 3356 1071 3400 cur
1101 3355 1143 3398 ne
1173 3333 1371 3418 reliquorum

230 3442 359 3528 quidem
391 3441 478 3506 ullus
510 3441 551 3506 ab
569 3440 658 3506 ¹aliis
691 3444 918 3524 usurpatorum
951 3439 1100 3504 accedere
1134 3440 1174 3504 ad
1204 3438 1371 3506 Cantabri·

228 3547 349 3632 giensis
372 3547 461 3612 illius
484 3545 720 3630 praestantiam
749 3545 837 3610 visus
866 3545 931 3610 sit?
977 3545 1126 3612 Breviter
1152 3546 1259 3611 dicam
1286 3545 1371 3630 quod

228 3657 361 3720 resest.
398 3653 472 3719 Duo
495 3655 571 3717 sunt
594 3673 672 3716 eane
696 3651 841 3717 codicum
865 3672 992 3737 genera,
1015 3657 1072 3718 aut
1094 3657 1170 3718 ante
1188 3652 1372 3734 Oalliopii

227 3760 446 3826 recensionem
479 3759 674 3844 scriptorum
708 3763 765 3823 aut
798 3781 837 3823 ex
870 3781 908 3824 ea
940 3759 1013 3841 ipsa
1045 3759 1223 3824 ductorum.
1278 3757 1371 3824 Illius

226 3867 354 3951 generis
378 3867 477 3953 longe
500 3867 643 3932 omnium
667 3865 913 3951 antiquissimus
936 3865 1109 3932 Berabiaus
1131 3867 1194 3948 est,
1216 3863 1268 3930 cui
1291 3865 1370 3930 satis

229 3973 426 4039 confidenter
445 3973 666 4053 Vaccatum,
690 3973 877 4039 dubitanter
889 3973 1053 4059 iungimus
1067 3971 1284 4038 Dameam:
1307 3972 1371 4037 huc

226 4081 390 4164 pertinent
421 4081 506 4147 cirea
537 4079 585 4144 IX
612 4081 774 4146 saeculum
803 4080 917 4166 scripti
944 4081 1161 4157 Basilicaeve,
1194 4079 1370 4158 Vaticanus,

226 4188 468 4270 Ambrosianus,
509 4185 660 4271 Oalliopii
696 4209 829 4272 operam
866 4187 938 4270 ipsa
975 4187 1214 4269 subscriptione
1250 4185 1369 4250 testati.

226 4293 400 4359 Praeterea
433 4297 541 4358 autem
569 4315 608 4357 ex
636 4295 745 4358 eadem
775 4291 928 4377 Oalliopii
955 4293 1143 4358 recensione
1171 4295 1325 4375 tanquam
1352 4315 1369 4358 e

226 4401 390 4467 communi
413 4400 504 4465 fonte
527 4399 634 4464 omnis
656 4401 890 4482 propemodum
908 4399 1106 4482 reliquorum
1125 4397 1271 4464 codicum
1290 4399 1370 4464 mul·

225 4509 331 4574 titudo
346 4507 530 4592 vulgarium
552 4505 727 4590 repetenda
750 4509 808 4587 est,
831 4527 968 4589 quorum
991 4527 1055 4592 quo
1078 4505 1186 4572 minor
1208 4508 1308 4589 aetas,
1331 4527 1368 4570 eo
