3288 5100
578 381 654 428 srva
680 381 927 430 rrssuousnvn
952 382 1055 429 mum.
1247 425 1253 434 ,
1324 366 1386 430 551

245 525 466 609 potissimum,
496 524 551 587 ubi
580 525 740 590 latissime
768 529 883 609 patens
912 525 991 590 artis
1016 524 1106 590 notio
1135 527 1168 590 in
1197 525 1389 608 pressiorem

245 632 462 716 significatum
488 635 696 698 coarteretur.
737 631 850 717 ltaque
880 655 952 698 cum
980 657 1040 699 nos
1068 633 1165 698 hodie
1190 633 1389 698 consueveri-

244 760 316 801 mus
340 738 528 820 bipertitam
553 739 743 804 divisionem
763 740 864 804 talem
890 740 1037 823 probare,
1059 743 1096 804 ut
1117 739 1221 804 altera
1240 739 1273 801 in
1296 741 1389 822 parte

243 843 361 908 litteris
386 845 577 929 consignata
605 845 726 929 ingenii
754 845 886 910 humani
915 849 1126 911 monumenta
1153 845 1262 911 omnia
1290 867 1387 928 pona·

243 973 331 1032 mus,
358 951 437 1014 artis
460 951 591 1015 nomine
614 973 681 1015 non
704 952 895 1037 consignata
923 953 1041 1017 litteris
1071 953 1323 1037 complectamur
1351 974 1389 1015 ex

243 1060 335 1140 parte
369 1057 484 1140 altera,
518 1057 603 1120 haud
636 1057 747 1140 paullo
781 1057 909 1122 diversa
940 1059 993 1122 via
1021 1061 1146 1122 veteres
1179 1059 1318 1144 ingressi
1349 1080 1387 1122 ex

244 1167 380 1247 utroque
404 1185 521 1248 genere
545 1163 738 1247 quibusdam
762 1164 930 1228 elementis
954 1165 1064 1228 ascitis
1090 1165 1129 1228 ad
1158 1165 1258 1229 vitam
1287 1165 1387 1248 inpri-

241 1271 302 1334 mis
332 1270 467 1335 utilibus
499 1271 632 1336 tertium
665 1292 767 1356 genus
799 1272 936 1335 mixtum
964 1273 1216 1353 constituerunt,
1248 1270 1387 1334 medium

241 1377 326 1440 inter
350 1377 407 1440 illa
431 1376 507 1460 duo,
531 1377 582 1442 cui
605 1377 752 1442 fecerunt
775 1376 1109 1462 ‘disciplinarum'
1133 1400 1259 1442 nomen.
1288 1377 1387 1462 quue

241 1503 342 1566 genus
367 1505 461 1546 omne
485 1505 556 1547 cunr
581 1483 690 1548 dedita
718 1506 816 1568 opera
844 1483 975 1548 ‘novem
1004 1484 1246 1569 disciplinarum
1276 1483 1387 1548 libris'

243 1588 312 1670 ipse
344 1587 448 1653 Varro
482 1593 668 1672 persecutus
702 1589 758 1672 sit,
795 1589 934 1654 huncine
967 1589 1091 1654 nullam
1124 1591 1192 1654 eius
1228 1590 1387 1654 rationem

242 1693 396 1758 habuisse
419 1695 519 1759 ineis
544 1695 636 1760 libris
656 1695 830 1760 condendis
854 1697 1050 1780 putabimus,
1074 1719 1155 1781 quos
1174 1696 1236 1780 ipsi
1255 1697 1386 1780 ingenio

241 1801 382 1866 hnmano
419 1823 477 1884 per
514 1801 621 1884 capita
653 1800 844 1866 celebrando
881 1801 1098 1866 destinasset?
1135 1801 1326 1887 praesertim
1359 1801 1386 1864 si

239 1907 429 1973 brevissimo
463 1906 619 1990 temporis
648 1907 753 1990 spatio
787 1906 958 1972 interiecto
987 1911 1142 1992 utrosque
1170 1907 1271 1972 libros
1301 1929 1385 1972 com·

239 2013 396 2097 poneret?
433 2013 519 2078 Nam
542 2012 706 2098 Imagines
730 2014 859 2098 quidem
880 2014 1007 2098 quando
1027 2015 1256 2098 composuerit,
1279 2015 1385 2098 ipsum

239 2123 355 2184 testem
379 2119 537 2185 habemus
561 2119 850 2203 locupletissimum
870 2119 956 2204 apud
976 2119 1117 2184 Gellium
1137 2121 1242 2204 capite
1262 2121 1385 2184 decimo

238 2229 381 2291 extremo
400 2225 558 2291 Varronis
581 2224 661 2290 haec
681 2227 881 2290 afferentem:
905 2225 993 2290 ‘tum
1016 2227 1063 2290 ibi
1087 2225 1178 2291 addit
1201 2247 1234 2289 se
1259 2247 1384 2310 quoque

236 2333 302 2396 iam
323 2332 545 2396 duodecimam
564 2353 721 2397 annorum
741 2331 978 2396 hebdomadam
997 2332 1179 2416 ingressum
1199 2330 1297 2396 esse':
1321 2331 1383 2398 hoc
1397 2353 1457 2392 vm

237 2442 287 2500 est
305 2439 391 2501 ultra
410 2459 531 2500 annum
551 2438 668 2501 aetatis
687 2437 858 2520 septimum
883 2442 916 2501 et
938 2437 1211 2522 septuagesimum
1236 2459 1383 2523 progres-

237 2567 321 2626 sum,
349 2543 404 2627 qui
431 2543 494 2606 fuit
520 2543 786 2610 urbis.conditae
816 2543 887 2608 715.
934 2543 982 2608 De
1006 2543 1250 2626 disciplinarum
1275 2547 1382 2608 autem

235 2649 328 2714 libris
348 2649 565 2714 coniecturam
589 2649 621 2712 in
642 2671 680 2712 ea
699 2650 971 2714 commentatione
992 2651 1127 2714 fecimus
1146 2656 1243 2733 quam
1263 2650 1382 2717 abhinc

236 2777 338 2820 annos
358 2754 513 2820 tredecim
533 2754 571 2819 de
590 2754 658 2818 illis
678 2755 765 2820 foras
785 2755 944 2819 dedimus:
964 2755 1020 2819 ubi
1038 2777 1069 2839 p.
1079 2757 1122 2820 53
1139 2759 1252 2838 [supra
1266 2757 1380 2838 paco]

235 2885 273 2927 ex
292 2885 330 2927 eo
355 2861 662 2946 argumentabamur
686 2859 770 2944 quod
790 2859 970 2926 Varronem
994 2860 1118 2926 Plinius
1142 2859 1181 2925 N.
1196 2861 1237 2926 H.
1262 2847 1380 2948 XXlX,

234 2971 275 3054 4,
308 2971 351 3034 65
388 2967 584 3052 prodidisset
626 2967 664 3031 de
702 2967 848 3050 aspidum
891 2967 957 3032 ictu
996 2969 1139 3033 sonando
1176 2971 1379 3053 praecepisse

235 3075 364 3142 ‘octavo
390 3079 422 3138 et
445 3073 645 3158 octogesimo
665 3073 750 3138 vitae
771 3072 881 3139 anno':
904 3073 967 3138 nisi
992 3074 1078 3158 quod
1101 3097 1160 3157 pro
1184 3096 1222 3140 eo
1245 3098 1379 3141 numero

232 3205 318 3248 nunc
342 3178 537 3246 ‘LXXXIII'
561 3183 725 3263 receptum
750 3183 856 3244 estex
875 3180 1008 3264 optimis
1032 3181 1134 3244 libris.
1167 3181 1288 3257 Quodsi
1312 3183 1393 3254 tale

234 3293 441 3372 praeceptum
469 3287 522 3350 vix
551 3287 629 3351 alibi
661 3287 725 3351 nisi
757 3287 790 3351 in
823 3287 908 3351 libro
942 3286 997 3370 qui
1026 3285 1080 3350 ‘de
1108 3286 1281 3354 medicina’
1314 3287 1379 3352 fuit

232 3392 405 3457 tradidisse
429 3391 582 3455 creditur:
606 3415 682 3456 nam
706 3396 738 3456 et
761 3393 879 3457 satiras
905 3396 937 3456 et
960 3391 1176 3476 logistorioos,
1199 3393 1238 3457 de
1262 3394 1377 3478 quibus

232 3499 328 3564 facile
360 3497 523 3581 quispiam
552 3498 686 3583 cogitet,
719 3521 784 3563 non
813 3522 833 3562 a
861 3520 936 3562 sene
964 3499 1020 3562 sed
1053 3501 1094 3564 ab
1126 3499 1241 3565 iuvene
1273 3501 1376 3564 editos

232 3605 395 3670 novimus:
419 3625 618 3687 consequens
638 3608 742 3668 estut
765 3606 803 3669 de
823 3605 1004 3689 disciplinis
1023 3606 1271 3670 commentarios
1291 3627 1376 3670 enno

231 3711 299 3774 fere
320 3710 381 3774 721
403 3732 432 3774 u.
448 3733 473 3774 c.
492 3711 700 3794 pertexuerit,
723 3710 784 3775 hoo
804 3715 854 3775 est
873 3711 1091 3795 quinquennio
1112 3717 1186 3795 post
1204 3711 1376 3796 Imagines.

231 3815 305 3880 Nisi
335 3817 407 3900 quis
435 3815 520 3881 forte
544 3817 632 3882 intra
654 3817 715 3882 hoc
738 3817 845 3900 ipsum
870 3818 1124 3901 quinquennium
1148 3817 1275 3882 demum
1300 3818 1375 3882 sub-

230 3927 340 3987 natam
370 3923 606 3998 esseVarroni
633 3925 799 3990 notionem
827 3925 1050 4009 rationemque
1079 3945 1205 3989 omnem
1233 3923 1374 4008 discipli-

232 4043 347 4093 narum
372 4029 434 4096 sibi
458 4031 673 4114 persuadebit.
742 4113 744 4120 y

307 4134 386 4200 ·Nec
410 4158 485 4200 vero
513 4136 598 4200 ratio
626 4137 708 4200 latet
736 4158 799 4220 qua
828 4136 867 4200 ad
892 4136 1133 4220 septemplicem
1162 4137 1372 4220 partitionem

90 4255 99 4274 '
228 4242 438 4307 novenarium
467 4242 710 4323 disciplinarum
733 4264 902 4306 numerum
926 4241 1030 4306 Varro
1055 4247 1107 4306 sat
1130 4243 1297 4306 commode
1325 4266 1371 4307 re-

229 4371 345 4414 vocare
377 4350 529 4433 potuerit.
571 4347 655 4425 Quid
688 4349 773 4413 enim
804 4348 1003 4432 impediebat
1036 4350 1206 4432 quominus
1241 4370 1372 4433 prorsus

229 4459 410 4542 exemptam
435 4479 451 4522 e
480 4455 659 4540 disciplinis
683 4455 746 4554 vel⁸
762 4455 961 4520 dialecticam
987 4477 1058 4520 cum
1086 4453 1296 4542 philosophia
1319 4457 1371 4524 vel
