3302 5106
592 413 866 478 nusomuruuuvn
888 412 1011 460 uterus.
1307 391 1371 458 397

227 555 308 620 unde
336 559 365 618 et
393 555 492 619 Verre
521 553 622 638 neuun
650 559 760 622 mundi
789 557 931 621 animum
959 555 1045 632 dreit,
1075 553 1205 635 proinde
1231 552 1312 634 quod
1337 553 1371 616 in

228 663 344 727 mundo
371 663 455 745 ipris
482 664 588 727 manre
611 663 757 746 peternet
781 664 862 727 siem
886 662 1012 726 enimus
1034 661 1069 724 iu
1091 659 1194 724 nolis:
1227 659 1373 741 ...qui

227 788 296 833 aem
318 773 369 847 est,
392 769 502 850 inquit,
525 771 558 834 in
581 769 677 848 uobis,
700 769 763 864 ipsi
784 789 899 852 sumus,
922 789 991 832 uem
1014 767 1101 848 eeiit,
1124 763 1331 850 cremium)

249 925 252 930 '
317 911 346 976 2.
383 909 452 975 Nec
474 911 548 993 plus
571 912 676 976 habeo
700 911 738 975 do
763 911 1029 976 architectura
1052 909 1137 994 quod
1157 909 1270 972 dicem.
1299 904 1413 973 Nisi⁵⁰

228 1017 312 1082 forte
344 1015 419 1080 hine
452 1017 679 1101 depromptum
712 1023 763 1082 esi
793 1018 878 1102 quod
909 1021 1015 1082 exstet
1045 1016 1129 1100 apud
1159 1013 1306 1079 Servium
1338 1015 1372 1078 in

228 1122 307 1186 Aen.
323 1121 379 1206 VI,
392 1122 471 1186 273:
493 1124 681 1201 vestibulum,
703 1129 739 1188 ut
766 1123 866 1189 Varro
888 1125 970 1200 dicit,
992 1124 1188 1204 etynrelepiee
1204 1143 1268 1186 non
1285 1121 1374 1185 leabet

224 1230 451 1311 proprietatem,
469 1229 522 1292 sed
537 1230 575 1311 nr
585 1250 646 1311 pro
665 1235 757 1311 captu
775 1230 899 1312 inperii.
933 1227 1001 1292 Nee
1020 1227 1140 1292 certior
1159 1227 1198 1292 de
1212 1227 1371 1291 Plinisnis

228 1335 423 1399 testimoniis
446 1335 641 1418 coniectura,
665 1335 780 1420 quibus
805 1335 844 1398 de
868 1334 991 1417 dispari
1015 1333 1160 1416 lapidum
1184 1339 1303 1398 nature
1327 1335 1372 1398 sic

227 1441 394 1524 praecepit
417 1439 568 1526 XXXVI,
595 1442 644 1524 18,
671 1440 746 1505 135:
777 1441 876 1506 Verre
898 1441 1005 1522 nipres
1026 1459 1063 1502 ee
1085 1438 1199 1518 Africa
1221 1441 1373 1522 firmiores

228 1569 289 1613 esse
312 1549 408 1612 tradit
429 1569 523 1629 mrem
545 1549 580 1612 iu
593 1548 709 1613 Italia:
732 1549 883 1613 ediverso
901 1547 987 1611 albos
1006 1547 1103 1611 tomis
1121 1548 1260 1611 duriores
1278 1567 1372 1628 quam

227 1655 347 1719 Parios.
394 1655 473 1718 doru
501 1655 675 1720 Lernensem
701 1655 817 1719 silicem
844 1675 931 1719 serra
958 1654 1068 1730 secari,
1099 1657 1134 1716 at
1162 1652 1372 1716 Tusculanum

226 1761 360 1825 dissilire
386 1763 470 1844 ipni:
503 1761 655 1825 Sameram
680 1761 804 1841 senserim
831 1761 936 1825 addite
964 1759 1026 1823 oleo
1054 1759 1148 1822 eliam
1177 1758 1281 1823 lucere.
1328 1757 1373 1822 m

228 1867 377 1951 XXXVI,
387 1867 417 1952 5,
430 1869 482 1932 14:
506 1889 594 1950 errem
617 1867 751 1948 lapidem
769 1862 930 1954 (Parium)
953 1885 1071 1947 coepere
1095 1863 1246 1946 lychniten
1268 1866 1372 1947 appel·

227 1975 300 2052 lare,
322 1977 470 2056 quereiam
492 1977 535 2040 ad
557 1977 713 2040 lemanem
731 1977 766 2038 in
784 1974 934 2038 nonnulis
953 1973 1132 2049 caederetur,
1155 1975 1190 2034 ut
1206 1975 1313 2034 erector
1330 1975 1374 2035 est

232 2081 340 2146 Varro.
386 2081 527 2146 Varroni
556 2105 633 2148 num
657 2083 733 2166 quid
757 2081 902 2146 Isidorus
927 2083 1096 2162 acceptum
1119 2077 1240 2142 referat
1262 2079 1297 2143 in
1320 2101 1370 2143 ce·

227 2189 294 2270 pite
318 2188 339 2251 2
362 2189 439 2253 libri
461 2189 533 2274 XV,
556 2190 641 2276 quod
665 2195 716 2254 est
738 2190 774 2254 dc
796 2189 945 2271 aedificiis
961 2187 1104 2269 publicis,
1128 2186 1372 2268 incompertum.

751 2421 771 2499 ξ
795 2419 847 2483 21.

317 2565 346 2629 1.
392 2561 547 2646 Superest
577 2566 614 2626 ut
643 2561 859 2627 medieiuse
894 2559 1035 2645 paucula
1064 2558 1170 2623 frusta
1207 2580 1244 2624 ex
1273 2557 1371 2622 Plinii

227 2670 272 2734 eis
300 2671 393 2736 libris
422 2669 626 2754 colligamus,
659 2668 776 2752 quibus
805 2667 976 2732 materiam
1000 2665 1160 2731 medicam
1184 2666 1372 2749 complexus

227 2781 276 2841 est
308 2777 358 2840 vel
393 2798 431 2840 ex
464 2774 575 2839 herbis
608 2771 679 2860 (lib.
712 2771 977 2858 XX—XXVII)
1014 2773 1065 2837 vel
1105 2794 1144 2835 ex
1177 2773 1370 2838 animalibus

227 2878 568 2970 (XXVHI-XXXII)
594 2881 783 2965 quaesitam.
825 2879 870 2945 Et
894 2881 933 2945 ad
957 2879 1130 2943 historiam
1154 2879 1283 2962 quidem
1307 2901 1371 2942 me·

228 2989 316 3054 dicae
340 2991 420 3055 artis
444 2991 506 3055 duo
531 2994 681 3072 spectant
703 2988 901 3071 testimonia,
924 2985 1043 3069 XXIX,
1069 2987 1097 3070 1,
1115 2985 1150 3050 4:
1173 2984 1209 3049 is
1232 2982 1371 3069 (Hippe-

227 3095 346 3182 crates)
369 3118 438 3160 ueni
458 3097 570 3178 suisset
591 3117 656 3162 ures
681 3097 822 3161 liberates
844 3095 958 3159 merlis
980 3093 1161 3158 scriberem
1180 3092 1372 3173 templarius

226 3203 274 3266 dei
289 3200 504 3291 (Aesculapii)
517 3205 593 3286 quid
614 3203 803 3268 ancillatum
826 3207 907 3280 esset,
930 3205 965 3266 ul
981 3205 1088 3283 postea
1110 3199 1280 3263 similitude
1297 3220 1372 3281 pre-

226 3309 334 3392 ficeret,
356 3313 550 3392 msmnpsisse
571 3332 607 3376 ca
631 3312 774 3388 traditur,
797 3315 894 3391 atqie,
917 3314 953 3373 ut
972 3309 1072 3373 Varro
1094 3307 1180 3388 optut
1195 3325 1252 3370 nos
1269 3307 1372 3381 eredit,
1468 3371 1471 3380 ,

230 3417 338 3498 templo
361 3423 492 3481 mensale
514 3417 683 3480 instituisse
705 3417 889 3480 medicinam
910 3413 990 3478 iram
1012 3435 1090 3496 quiae
1112 3413 1218 3478 clinice
1239 3417 1371 3476 aeuitur.

230 3523 377 3588 Alterum
401 3521 525 3606 XXVI,
548 3523 578 3604 3,
603 3523 658 3584 14:
692 3520 845 3584 Trolebat
863 3523 1023 3600 praeterea
1045 3516 1271 3603 (Asclepiades
1295 3518 1370 3582 Pru-

230 3629 347 3716 sensis)
370 3634 484 3694 mentes
505 3628 639 3710 artificio
661 3626 808 3703 mirabili,
831 3627 938 3690 vinnm
953 3626 1159 3707 promittendo
1176 3626 1278 3705 uepris
1295 3626 1371 3688 dan-

226 3737 321 3818 doque
344 3737 522 3819 tempestiue,
544 3740 610 3799 tum
630 3733 782 3815 stipidum
804 3753 930 3814 equom.
953 3737 982 3795 et
994 3732 1141 3814 queniam
1155 3750 1280 3794 caussas
1293 3751 1370 3795 mor-

227 3843 334 3906 borum
356 3845 490 3907 serutari
506 3845 600 3926 prius
613 3840 804 3925 Heropbilus
821 3840 1006 3918 instituerat,
1028 3840 1096 3904 uini
1112 3837 1264 3903 rationem
1282 3837 1371 3902 illes-

228 3983 437 3993 --———.—..n--

316 4071 343 4138 *)
362 4069 417 4124 Sed
435 4071 533 4124 menidi
550 4072 669 4140 fipnram
687 4087 751 4126 cum
770 4070 867 4139 nepae
884 4070 1053 4124 rotunditati
1071 4067 1247 4139 comparavit
1264 4069 1295 4122 in
1313 4084 1371 4138 peo-

226 4159 337 4212 mctriae
358 4159 496 4212 uolumine
517 4159 589 4212 toste
612 4159 773 4214 cassiodoro
796 4161 822 4228 (ξ
842 4160 884 4227 5),
911 4160 1044 4213 mmidnm
1068 4159 1157 4212 solum
1180 4159 1223 4210 est
1240 4156 1369 4210 tellurem

226 4248 435 4317 interpretetus.
464 4246 494 4299 In
509 4246 661 4314 eodemque
680 4248 842 4317 geometria,
862 4264 917 4303 uon
937 4247 965 4302 iu
985 4247 1145 4316 astrologis,
1165 4247 1290 4300 lunarem
1310 4263 1370 4300 esse

227 4334 371 4390 circuitum
395 4349 486 4388 xxvn
505 4333 612 4388 dierum
636 4336 728 4403 spatio
751 4336 896 4391 definitum
919 4352 1003 4404 supra
1026 4333 1146 4388 vidimus
1169 4339 1184 4399 ξ
1204 4339 1218 4388 7
1243 4338 1272 4389 et
1290 4339 1305 4400 9
1326 4342 1369 4388 17:

227 4425 304 4478 cuius
322 4423 362 4478 rei
381 4440 486 4492 neusse,
505 4422 580 4492 quod
598 4421 638 4476 ibi
652 4440 670 4476 a
683 4423 746 4476 cubi
760 4424 873 4478 notione
887 4422 1050 4494 geometrici
1065 4439 1177 4477 exorsus
1191 4423 1226 4476 sd
1242 4424 1370 4480 cubicum

226 4529 371 4566 numerum
390 4527 480 4566 xxvn
500 4512 588 4566 Varro
607 4510 742 4581 pervenit.
