3274 5114
295 379 361 442 240
689 396 725 443 m
749 395 859 442 vmu
882 395 1048 441 uuaenrn

293 539 343 602 die
373 538 425 604 vel
459 539 505 604 bis
535 539 572 603 de
602 539 747 620 dntepro]
782 538 833 602 vel
865 537 912 602 bis
942 537 1068 618 de[aco]
1103 536 1155 600 vel
1186 536 1233 602 bis
1262 534 1440 622 dei[neeps].
1487 621 1494 626 Π

295 645 437 721 Quorum
460 645 517 710 ille
540 667 623 730 quae
646 644 754 708 media
775 643 870 729 posui
892 666 961 709 esse
979 643 1163 722 ταύτολόγα
1181 648 1329 728 apparet:
1353 645 1440 728 quod

294 757 403 817 autem
426 752 531 835 primo
555 753 636 836 loco,
659 773 697 816 ec
720 751 871 836 displicet
894 751 981 836 quod
1004 751 1158 836 profecto,
1181 755 1219 816 ut
1241 751 1439 837 singularem

293 858 433 942 gratiam
457 858 557 923 fuisse
576 856 726 923 Eunuchi
749 857 952 941 probaretur,
974 879 1041 922 non
1064 879 1145 941 opus
1169 860 1240 922 erat
1257 858 1369 923 eodem
1389 859 1440 923 die

293 964 412 1029 iterata
435 963 559 1048 fabula,
591 964 647 1030 sed
670 964 750 1029 satia
774 967 845 1028 erat
867 985 925 1048 per
947 962 1121 1028 eorundem
1144 963 1292 1028 ludorum
1316 985 1440 1030 eorum-

195 1117 198 1124 .
294 1091 356 1154 que
379 1091 480 1134 novas
506 1069 632 1134 fabulas
657 1069 859 1152 poscentium
879 1069 1080 1134 occasionem
1100 1069 1204 1133 denuo
1224 1070 1439 1155 efflagitatam

293 1175 461 1259 prodiisse.
506 1174 577 1240 Hae
609 1175 709 1258 igitur
738 1195 790 1240 me
820 1197 954 1241 caussae
982 1180 1154 1240 moverunt
1184 1182 1220 1240 ut
1241 1177 1439 1259 praeferrem

258 1273 267 1290 '
294 1281 379 1367 quod
403 1281 541 1346 maxime
564 1281 699 1366 simplex
722 1281 839 1365 visum,
861 1283 908 1348 bis
927 1283 1066 1364 deinceps
1083 1269 1114 1347 h.
1133 1305 1158 1347 e.
1179 1282 1335 1347 ‘zweimal
1353 1283 1438 1347 nach

294 1387 469 1454 einander'.

382 1493 487 1560 Versu
509 1494 528 1559 3
551 1495 613 1560 etsi
634 1496 670 1560 id
690 1500 736 1560 est
756 1495 892 1561 reculae
915 1517 956 1559 ne
980 1519 1000 1560 a
1022 1495 1130 1560 codiee
1154 1496 1186 1560 A
1210 1496 1353 1580 quidem,
1381 1495 1438 1560 sed

294 1601 336 1666 ab
362 1624 425 1666 uno
448 1601 482 1668 B
505 1603 637 1680 absunt,
665 1605 776 1668 tamen
800 1625 819 1666 a
843 1601 997 1668 Suetonio
1022 1604 1159 1686 scriptas
1183 1623 1254 1667 esse
1277 1625 1349 1667 oum
1373 1601 1438 1666 Do-

294 1708 365 1772 nati
393 1709 570 1774 auctoritas
599 1711 668 1772 tum
692 1708 844 1792 loquendi
867 1713 899 1772 et
923 1709 1007 1774 ratio
1030 1712 1064 1772 et
1085 1708 1285 1774 consuetudo
1308 1713 1439 1794 negant.

295 1813 385 1879 Nihil
409 1815 496 1878 enim
519 1814 677 1880 eiusmodi
700 1814 734 1878 in
748 1813 872 1878 Donati
896 1814 948 1878 his
972 1813 1092 1880 verbis:
1110 1835 1228 1897 proque
1246 1817 1441 1898 cometissae,

293 1924 375 2004 qued
402 1923 484 1987 nulli
511 1927 582 1986 uate
611 1923 713 2004 epsam
738 1921 864 2001 fabulae
889 1922 1029 2004 coatiyit
1060 1925 1124 1987 oete
1152 1923 1244 1988 milio
1269 1924 1440 1988 merdam

211 2037 214 2044 '
294 2033 495 2094 memerorent
512 2033 636 2110 poetae:
667 2027 724 2092 ubi
751 2011 920 2110 perperam
948 2031 981 2091 et
1006 2027 1148 2108 fabulum
1171 2033 1204 2094 et
1225 2029 1354 2094 miletus
1373 2028 1440 2092 vul-

295 2137 400 2218 gatur.
420 2132 539 2199 -Ratio
563 2136 672 2198 autem
696 2136 730 2198 et
753 2155 830 2197 usus
854 2132 915 2196 etsi
937 2134 972 2197 id
992 2137 1037 2198 est
1058 2134 1109 2198 vel
1128 2133 1183 2200 boo
1200 2140 1245 2200 est
1261 2134 1437 2218 particulas

294 2261 354 2305 nec
376 2261 451 2305 raro
474 2261 534 2304 nec
553 2261 616 2304 uno
636 2239 731 2304 modo
751 2238 896 2304 admisit:
920 2259 1001 2323 quae
1020 2259 1140 2324 genera
1158 2241 1335 2306 identidem
1350 2239 1439 2306 Mad-

294 2347 400 2432 vigius
424 2345 599 2430 explicavit
621 2346 656 2410 in
679 2343 745 2411 Oic.
768 2345 808 2409 de
831 2345 885 2409 lin.
908 2366 938 2428 p.
961 2345 1106 2410 72139.
1132 2347 1203 2410 144.
1228 2347 1307 2411 264:
1330 2351 1440 2411 tamen

295 2453 336 2518 ab
360 2453 421 2536 cis,
450 2473 532 2536 quae
555 2450 694 2534 simplici
718 2451 934 2534 appositionis
957 2451 1190 2536 grammaticae
1213 2453 1342 2518 vinculo
1366 2474 1440 2517 eon-

295 2561 453 2642 tinentur,
486 2557 671 2643 segregavit
698 2557 971 2623 constantissime.
1017 2556 1103 2633 Quas
1132 2558 1250 2643 ubique
1278 2559 1326 2624 ita
1349 2581 1440 2624 usur-

220 2655 226 2662 *
294 2668 388 2748 patae
411 2665 553 2748 reperies
571 2669 618 2749 ut,
641 2687 739 2749 quam
758 2663 834 2749 quid
855 2663 918 2728 rim
936 2663 1066 2747 habeat,
1089 2685 1187 2748 quam
1207 2665 1256 2730 rel
1273 2665 1440 2730 notionem

295 2771 345 2836 rel
374 2771 570 2836 sententiam
599 2775 728 2856 aequet,
755 2769 950 2835 declaretur:
983 2791 1047 2854 quo
1074 2770 1113 2834 fit
1140 2775 1178 2834 ut
1205 2791 1278 2834 eum
1301 2771 1440 2857 singulis

241 2905 281 2948 su
294 2877 481 2942 nominibus
505 2881 539 2942 et
560 2877 727 2943 vocabulis
750 2879 820 2940 tum
844 2876 924 2960 ipsis
948 2897 1055 2940 rerum
1077 2875 1321 2940 condicionibus
1340 2877 1440 2960 expli·

295 2983 405 3048 candia
436 2982 658 3048 adhibeantur.
703 2981 817 3066 Velut,
847 2983 880 3046 in
910 2983 981 3065 ipso
1011 2979 1167 3046 Suetonio
1196 2986 1233 3046 ut
1260 3003 1311 3047 me
1340 2984 1439 3048 conti·

293 3110 398 3172 neam,
421 3089 455 3154 in
478 3088 547 3153 vita
565 3087 595 3152 d.
609 3087 668 3152 lul.
682 3109 708 3154 c
723 3087 766 3153 56
785 3087 855 3172 ‘per
872 3093 963 3154 aetas
980 3087 1121 3170 scripsit,
1139 3088 1174 3152 id
1185 3091 1229 3152 est
1246 3089 1294 3152 sio
1312 3093 1440 3154 structo

295 3195 476 3260 litterarum
501 3194 612 3260 ordine
635 3199 673 3259 ut
690 3194 818 3259 nullum
836 3195 972 3259 uerbum
991 3193 1074 3258 effici
1092 3192 1229 3278 posset'3
1252 3194 1337 3280 Aug.
1357 3217 1383 3260 c.
1397 3195 1440 3260 88

295 3299 570 3385 ‘ortboyrapbe'om,
605 3301 641 3366 td
674 3305 719 3365 est
753 3299 928 3365 formulam
964 3298 1186 3384 rationemque
1223 3300 1385 3366 scribendi
1421 3323 1441 3366 a

295 3407 516 3493 grammaticis
539 3405 750 3490 institutam’3
774 3405 867 3472 Galb.
886 3427 912 3470 c.
931 3405 951 3470 3
976 3404 1072 3490 ‘quod
1096 3405 1129 3469 in
1150 3405 1304 3472 diuturna
1322 3407 1440 3472 ualitu-

295 3513 370 3578 dine
395 3513 514 3596 palbeo,
541 3515 577 3579 id
603 3519 648 3580 est
669 3513 821 3579 remediis
844 3513 921 3582 lana
944 3512 1099 3577 inuolutis
1124 3512 1251 3578 assidue
1274 3512 1441 3579 uteretur’.

295 3619 420 3686 Rursus
440 3619 564 3686 Galbae
587 3641 613 3686 e.
631 3621 652 3686 8
676 3620 746 3686 ‘nec
769 3619 940 3686 defuerunt
959 3619 1014 3704 qui
1032 3619 1324 3702 interpretarentur
1342 3620 1441 3706 signi·

181 3761 185 3770 ·
295 3727 385 3792 ficari
413 3748 521 3792 rerum
548 3727 761 3792 mutationem
792 3746 1078 3810 successurumque
1105 3724 1216 3790 iuueni
1238 3747 1361 3810 senem,
1387 3726 1443 3792 bec

295 3837 340 3898 ee
359 3833 467 3917 ipsum
486 3833 634 3918 Neroni'3
657 3833 781 3899 Tiberii
804 3854 830 3898 c.
849 3833 893 3897 24
916 3830 1069 3897 ‘statione
1092 3830 1244 3916 militum,
1265 3831 1321 3898 bec
1341 3837 1386 3898 est
1406 3831 1441 3896 ui

296 3943 330 4003 et
362 3937 469 4021 specie
497 3939 728 4005 dominationis
756 3935 945 4022 assumpte'.
990 3936 1042 4004 Ad
1068 3935 1185 4002 horum
1212 3937 1325 4023 igitur,
1359 3959 1441 4022 quae

296 4044 411 4109 ultima
438 4045 544 4130 posui,
572 4045 818 4110 similitudinem
844 4049 882 4109 ut
909 4041 1031 4128 largiar
1058 4043 1203 4127 potuisse
1230 4045 1370 4109 fortasse
1394 4043 1441 4108 sic

296 4151 408 4217 scribi:
432 4150 623 4237 ‘meruitque
647 4157 721 4218 octo
744 4151 836 4217 milia
857 4171 1035 4233 nummum,
1057 4151 1093 4215 id
1112 4155 1157 4216 eet
1177 4150 1318 4234 pretium
1342 4171 1441 4234 quan·

295 4262 365 4323 tum
388 4259 479 4324 nulla
501 4263 598 4324 antea
621 4258 811 4342 cuiusquam
835 4254 1023 4340 comoedia’,
1045 4261 1153 4320 tamen
1179 4256 1289 4320 eadem
1312 4255 1442 4320 inverso

296 4365 409 4430 ordine
433 4365 496 4431 dici
520 4365 626 4432 fuerat
649 4363 899 4450 putidissimum.
939 4359 1014 4428 Non
1038 4367 1088 4427 est
1110 4362 1212 4448 igitur
1229 4361 1441 4426 dubitandum

297 4471 374 4556 quin
398 4471 459 4536 hoe
483 4472 664 4556 exemplum
688 4469 754 4536 illis
778 4468 918 4555 accedat,
941 4469 1058 4554 quibua
1082 4473 1140 4533 aut
1161 4467 1249 4534 solae
1272 4467 1308 4532 id
1328 4473 1372 4532 est
1389 4489 1443 4532 ro·
