3294 5104
603 327 878 376 u1sc11>a1nunvn
901 330 1025 378 arama.
1320 315 1384 382 359

158 545 166 562 ⁸
239 475 319 536 nuto
344 469 555 536 Cassiodorus
585 471 745 555 excerpsit
767 493 835 556 cap.
859 473 875 537 1
908 473 948 537 de
976 472 1210 558 orthographia
1238 497 1268 558 p.
1283 475 1384 540 ereb

242 577 288 662 (p.
313 578 410 662 2286,
433 578 453 641 3
476 575 540 662 P.):
576 577 740 642 Praeterea
770 578 810 642 in
838 578 932 644 libro
954 599 1055 661 quem
1080 581 1120 644 dc
1139 583 1385 674 prammatica

245 685 366 748 Varro
387 685 555 768 scripsit,
578 705 647 750 cam
669 685 706 749 de
730 684 839 750 littar's
861 685 1027 764 dissereret,
1051 686 1123 749 itan
1146 687 1257 772 [vulgo
1280 687 1340 768 ita]
1363 688 1397 752 lr'

240 793 317 856 inter
347 793 464 858 littam
492 811 556 856 noa
582 811 644 856 csse
671 793 848 872 despectaret.
892 793 974 874 qaod
998 792 1105 856 nialla
1124 793 1229 857 minas
1258 795 1422 879 miram,s

237 919 331 980 qaam
357 899 439 980 qaod
462 919 485 963 a
511 918 627 980 qnoque
654 897 788 962 litteram
815 918 876 963 csse
901 904 1008 982 nepot:
1038 899 1074 964 in
1096 920 1155 982 qne
1177 901 1254 982 qaid
1273 901 1384 965 ciderit

236 1006 374 1070 troadam
396 1004 584 1087 deprehendi.
624 1005 724 1087 ipsim
744 1005 836 1069 verba
857 1005 1024 1070 sammoni:
1055 1005 1244 1071 ‘litterariam
1260 1009 1383 1088 partlm

235 1117 309 1176 secat
330 1116 358 1176 a
378 1112 533 1195 dicantar,
556 1115 591 1175 nt
613 1133 634 1175 a
656 1117 685 1176 ct
706 1111 744 1176 b:
760 1112 883 1194 partim
904 1112 1050 1176 dictentur
1071 1117 1100 1176 ct
1120 1133 1183 1178 non
1204 1119 1286 1198 sant,
1308 1114 1380 1178 atla

235 1223 264 1284 ct
283 1239 318 1282 a.
339 1220 461 1300 partim
482 1222 556 1284 sant
577 1237 671 1300 ncqree
693 1219 847 1296 dicantar,
870 1222 906 1282 at
927 1241 953 1301 φ
975 1216 1021 1295 ψ.’

774 1431 847 1512 55.

322 1557 397 1622 Non
416 1557 521 1621 minus
542 1556 649 1639 certia,
664 1555 720 1619 ced
739 1556 835 1640 longe
854 1556 1004 1640 pluribus
1024 1557 1221 1621 testimoniis
1239 1559 1278 1622 de
1298 1579 1380 1643 geo·

233 1666 373 1730 metria
405 1667 542 1729 constat.
589 1661 734 1728 Primum
765 1661 950 1727 cassiodori
981 1663 1020 1726 de
1050 1667 1111 1728 art.
1140 1667 1173 1728 et
1200 1662 1276 1727 dieo.
1309 1663 1379 1727 ae

232 1795 262 1856 p.
286 1772 351 1836 560
365 1772 400 1836 b:
432 1771 542 1835 meandi
573 1789 689 1851 caepta
721 1769 857 1851 fipreram
890 1771 1117 1835 mnesissimas
1145 1770 1245 1836 Varro
1272 1770 1380 1852 lonpae

232 1878 416 1943 rotunditati
444 1878 479 1940 ta
502 1875 684 1958 peccatrice
709 1875 862 1940 volamine
889 1878 1091 1957 marmorarii,
1120 1877 1258 1958 sarratam
1280 1878 1379 1958 ipsias

233 1986 277 2049 aa
298 1985 347 2048 cci
368 1983 604 2047 similitudinem
627 1980 760 2066 tradens,
782 1984 863 2064 qaod
884 1983 919 2046 ia
942 1983 1106 2048 latitudine
1127 1984 1250 2065 quiden
1271 1987 1378 2048 roten-

230 2091 318 2173 dam,
345 2090 454 2154 sedin
477 2088 666 2171 lonpltadiac
683 2088 836 2170 probatur
858 2088 1027 2172 ollonpam.
1073 2089 1197 2155 Deinde
1220 2089 1377 2154 Marciani

232 2197 277 2260 VI
306 2219 336 2279 p.
359 2197 435 2260 190:
458 2197 586 2277 canipae
608 2196 637 2260 si
660 2195 809 2259 Marcam
827 2194 1004 2259 Terentiam
1021 2215 1194 2276 parecosqae
1212 2195 1377 2260 Romuleos

230 2305 365 2387 eacrpnas
387 2303 575 2382 consuleres,
603 2300 709 2364 callus
726 2303 949 2384 mammerti,
972 2303 1060 2366 celim
1083 2303 1145 2366 teta
1167 2298 1376 2387 (geometria)

233 2411 326 2474 limen
348 2409 486 2474 intrarit.
531 2407 706 2470 Praeterea
729 2403 943 2470 Schneiderue
971 2407 1004 2471 in
1028 2405 1156 2471 Vitruv.
1179 2405 1243 2470 VII
1275 2405 1375 2490 praef.

231 2518 266 2580 dc
284 2515 451 2599 placatae
475 2514 521 2577 ait
544 2513 658 2577 lrlnrm
679 2513 724 2576 cd
739 2512 787 2577 M.
802 2511 939 2577 Coelium
952 2513 1075 2594 Rafrcm
1097 2514 1246 2597 sareptam
1269 2515 1378 2578 larcdat

230 2623 292 2688 Ial.
305 2623 481 2687 Frontinus
503 2621 539 2685 cle
557 2617 705 2684 limitatas
727 2639 889 2701 aprorum·
913 2619 946 2683 in
970 2621 1242 2686 commentatione
1266 2624 1373 2684 autem

229 2729 267 2793 dc
283 2727 376 2793 Varr.
399 2727 466 2792 vita
490 2729 522 2791 et
545 2748 603 2791 scr.
627 2748 657 2808 p.
676 2725 742 2790 234
765 2725 845 2790 adeo
869 2726 961 2791 taras
984 2727 1041 2791 IX
1061 2727 1311 2808 Disciplinarum
1333 2729 1377 2792 ad

230 2837 277 2900 M.
291 2833 428 2902 Ocellam
442 2833 565 2914 Rasam
586 2819 713 2912 smiprtes
730 2853 900 2896 nwmorcm
917 2853 986 2896 cam
1004 2833 1079 2897 aliis
1098 2832 1274 2898 Vitruvium
1297 2833 1317 2895 l.
1332 2854 1373 2898 ss.

229 2942 316 3024 dicit,
340 2941 424 3025 quod
448 2940 478 3004 ei
501 2938 669 3004 Fabricius
692 2939 852 3021 praeierat
874 2938 958 3004 Bibl.
986 2940 1042 3007 lat.
1070 2939 1085 3002 I
1119 2961 1150 3022 p.
1177 2937 1373 3024 lacerer)

229 3047 355 3112 Horum
380 3047 523 3111 omnium
546 3045 630 3110 nihil
654 3067 763 3108 verum
788 3049 846 3111 eet.
883 3045 968 3110 Nam
989 3046 1075 3130 apud
1089 3045 1282 3110 Frontinum
1305 3046 1373 3128 qui·

229 3153 300 3218 dem
321 3175 351 3237 p.
366 3153 408 3218 38
428 3153 475 3217 ed.
490 3151 585 3217 Gaea.
608 3151 688 3216 haec
706 3155 833 3216 tantum
853 3157 995 3218 exstant:
1018 3175 1095 3218 nam
1112 3173 1185 3236 aper
1202 3154 1373 3235 arcifiniis,

228 3264 306 3326 stad
327 3261 374 3324 ait
402 3261 510 3342 Varro,
539 3259 578 3322 ab
601 3259 741 3324 arcendis
763 3259 899 3325 hostilem
921 3266 966 3326 cst
986 3261 1166 3344 appellatas.
1212 3257 1274 3323 Sed
1297 3260 1372 3324 inde

230 3391 249 3431 a
270 3391 301 3450 p.
324 3367 390 3432 235
417 3389 475 3450 per
498 3366 627 3449 aliquot
650 3365 787 3449 paginas
810 3367 1027 3450 perscriptum
1051 3371 1100 3432 est
1123 3369 1222 3450 caput
1244 3387 1371 3451 groma-

229 3473 327 3536 ticam
360 3472 398 3536 de
430 3473 511 3536 casis
540 3471 713 3534 litterarum
744 3469 805 3535 hoc
835 3473 1014 3555 praemisso
1045 3473 1164 3538 indice:
1202 3487 1373 3541 INCIPIT

228 3593 359 3648 LIBER
388 3593 527 3648 elnac]
552 3591 736 3646 BARONIS
767 3591 828 3644 DE
854 3593 1104 3648 GEOMETRIA
1133 3594 1190 3647 AD
1217 3593 1373 3647 RVFVM

228 3699 469 3766 c'rcarcrraa,
493 3684 611 3750 additis
635 3685 668 3748 in
693 3683 925 3768 marginatis:
955 3685 995 3749 at.
1020 3699 1211 3753 sincera.
1236 3685 1308 3748 treta
1329 3686 1370 3749 at.

228 3803 383 3858 RVFVM
405 3805 525 3859 SILVI
530 3806 598 3862 VM.
645 3789 758 3876 quue
786 3793 912 3874 spectat
938 3789 1077 3856 Ausonii
1101 3789 1242 3874 Popmae
1271 3813 1370 3854 anno-

229 3894 310 3958 tatio
335 3896 441 3976 paee
465 3897 511 3962 ed.
536 3897 618 3980 Bip.:
642 3897 751 3963 Haias
774 3895 828 3982 (de
851 3896 1045 3984 geometria)
1069 3898 1141 3963 lrleri
1161 3885 1370 3982 frelpmcctam

226 4001 464 4066 vetustissimam
486 4003 728 4085 Larrpolardicrs
749 4005 784 4090 (i.
807 4027 833 4069 e.
856 4005 1022 4090 quadratis
1046 4006 1084 4070 de
1108 4009 1196 4070 certa
1218 4005 1395 4090 loquendis

228 4106 458 4173 consuetudine
486 4107 573 4172 illius
602 4110 735 4197 aetatis)
762 4117 924 4176 cadratam
950 4113 1037 4178 noim
1064 4113 1299 4178 communicavit
1320 4113 1369 4175 cir

315 4337 341 4407 ³⁸)
369 4335 464 4390 Tertio
490 4335 574 4389 modo
597 4335 672 4390 lallit
694 4339 777 4393 libros
801 4339 854 4393 IX
876 4339 1097 4408 Disciplinarum
1121 4341 1157 4394 ad
1182 4339 1224 4392 M.
1249 4338 1368 4394 Ocellam

227 4425 335 4495 Rasum
352 4427 467 4498 scriptos
484 4441 631 4482 macerare
649 4425 767 4482 Gelliam
787 4429 825 4495 X,
843 4435 858 4483 1
879 4428 973 4483 dicens
991 4444 1053 4482 anu.
1073 4428 1102 4482 iu
1121 4428 1191 4485 viu.
1210 4429 1228 4485 l.
1248 4445 1269 4484 s.
1288 4447 1308 4484 a.
