3288 5100
542 407 621 454 srva
645 405 894 454 sasnonsovu
919 403 1023 450 arser.
1291 386 1353 448 521

211 550 290 614 satis
322 548 422 613 videri
454 549 562 633 potnit
591 547 764 632 aliquando
796 547 895 612 simili
924 546 1033 631 generi
1065 545 1170 610 simile
1194 545 1357 629 substitui,

212 656 307 722 modo
341 657 420 721 haec
449 656 501 719 lex
529 656 757 721 observaretur
779 659 815 719 ut
842 654 876 718 iu
905 653 1042 739 singulis
1066 653 1225 718 librorum
1248 651 1356 738 dyadi·

210 764 270 828 bus
302 762 504 848 septemplici
535 761 650 826 honori
681 762 853 846 peregrino
884 760 1084 844 septemplex
1112 760 1278 825 Romanus
1309 781 1356 824 re·

211 869 392 952 sponderet.

298 975 394 1042 Novo
419 977 565 1060 exemplo
585 975 786 1059 intellegitis,
810 973 1047 1038 commilitones
1067 974 1236 1056 carissimi,
1259 995 1356 1057 quam
1371 987 1432 1027 xm

212 1106 284 1149 vere
302 1083 429 1148 dicatur
444 1104 514 1146 esse
529 1083 627 1146 etiam
640 1080 805 1146 nesciendi
820 1085 924 1145 artem
942 1079 1111 1165 quandem,
1131 1103 1195 1165 qua
1207 1080 1356 1164 neglecta

208 1215 250 1256 ne
270 1191 345 1256 sciri
364 1189 493 1274 quidem
512 1193 599 1254 recte
617 1195 736 1254 etcum
751 1189 876 1253 ratione
892 1188 1005 1270 possit.
1043 1187 1243 1272 Quamquam
1258 1207 1356 1250 unum

211 1302 262 1362 est
283 1299 318 1362 in
340 1296 402 1362 hac
424 1319 507 1382 quae
526 1296 566 1361 ad
585 1295 770 1380 imaginum
789 1295 890 1359 libros
909 1295 1051 1378 pertinet
1069 1294 1269 1378 quaestione,
1292 1315 1355 1377 quo

214 1426 283 1432 -—.
294 1426 301 1432 .
312 1425 425 1432 ..ιιι-..-

213 1491 409 1546 meditationes
423 1508 486 1546 suas
501 1490 645 1545 nobiscum
656 1489 791 1544 Henricus
802 1487 940 1542 Braunins
950 1486 1145 1554 communicat,
1157 1485 1230 1540 unde
1239 1485 1357 1540 forsitan

214 1581 321 1650 aliquid
336 1579 406 1634 lucis
421 1579 449 1632 in
465 1597 526 1633 eam
541 1596 624 1647 quam
640 1594 725 1648 supra
737 1577 884 1646 tetigimus
898 1576 1088 1646 quaestionem
1103 1575 1247 1630 redundet.
1274 1574 1357 1643 Apud

213 1667 333 1721 eundem
347 1667 422 1721 enim
437 1665 568 1734 Plinium,
587 1666 632 1720 cui
650 1666 813 1720 memoriam
829 1663 1011 1719 hebdomadis
1026 1663 1215 1718 Varronianus
1230 1662 1358 1730 antiquos

215 1754 366 1809 statuarios
392 1755 555 1825 complexae
580 1753 689 1824 deberi,
715 1753 743 1808 in
767 1753 866 1808 eodem
890 1753 962 1808 libro
980 1751 1110 1820 XXXIV,
1138 1751 1168 1804 in
1191 1751 1245 1805 fine
1268 1751 1357 1821 partis

212 1843 435 1913 chronologicae,
454 1844 489 1898 ad
509 1844 627 1898 eandem
647 1845 736 1898 artem
755 1841 926 1913 pertinentia
945 1849 1053 1912 septem
1072 1840 1186 1896 nomina
1199 1841 1269 1895 haee
1284 1857 1358 1896 com·

211 1933 279 2002 poni
296 1939 312 1998 ξ
332 1940 378 1987 ta:
406 1931 546 1988 ‘Cessavit
564 1932 676 1988 deinde’
698 1933 773 2003 (post
791 1933 895 2002 olymp.
915 1931 1011 1998 CXXI)
1032 1931 1088 1986 ‘ars
1106 1947 1139 1984 ac
1158 1947 1251 1984 rursus
1271 1930 1358 2000 olym·

212 2021 295 2090 piade
315 2021 398 2077 CLVI
418 2021 532 2088 revixit,
557 2039 619 2075 cum
637 2021 716 2076 fuere
734 2023 817 2092 longe
837 2021 950 2090 quidem
969 2021 1041 2076 inira
1059 2019 1229 2090 praedictos,
1248 2019 1359 2089 probati

210 2115 306 2165 tamen
325 2112 488 2177 Antaeus,
514 2109 752 2178 Callistratus,
776 2110 936 2179 Polycles
955 2111 1126 2176 Athenaeus,
1146 2108 1359 2178 Callixenus,

209 2199 412 2268 Pythocles,
437 2199 593 2269 Pythias,
617 2199 808 2256 Timocles.'
847 2199 907 2253 Nec
930 2199 1005 2253 enim
1032 2199 1066 2251 de
1086 2198 1193 2252 artifice
1212 2198 1359 2252 Athenaeo

210 2287 391 2356 cogitandum
415 2288 517 2356 videri,
546 2289 594 2343 sed
618 2287 653 2342 de
678 2287 841 2342 Atheniensi
865 2287 988 2355 Polyole.
1024 2287 1088 2341 Non
1111 2285 1198 2356 igitur
1221 2285 1357 2340 dissimile

209 2375 269 2430 reri
293 2393 352 2431 esse
372 2393 405 2430 ex
424 2377 595 2448 Imaginibus
613 2376 746 2432 Varronis
765 2377 837 2430 hanc
857 2391 967 2444 quoque
986 2374 1192 2429 hebdomadam
1211 2365 1365 2430 samario-¹

210 2481 272 2518 rum
291 2481 427 2532 manasse,
447 2465 482 2519 de
501 2466 602 2536 quibus
621 2467 651 2520 iu
665 2465 790 2521 Historia
808 2465 946 2519 artificum
965 2463 1070 2518 dictum
1089 2464 1145 2518 vol.
1161 2463 1172 2516 I
1191 2481 1218 2532 p.
1235 2469 1285 2518 535
1298 2481 1357 2534 sqq.

212 2553 275 2607 Vna
294 2570 360 2608 vero
379 2554 533 2622 eademque
552 2555 645 2608 aetate
664 2554 728 2608 illos
748 2551 955 2623 comprehendi,
975 2569 1046 2622 quae
1065 2551 1119 2606 luit
1137 2552 1213 2607 circa
1231 2555 1359 2623 tempora

211 2645 388 2712 expugnatae
404 2641 539 2696 Corinthi.
576 2643 644 2696 Esse
663 2645 757 2696 autern
776 2643 848 2697 bane
868 2659 929 2696 eam
948 2643 1080 2708 aetatem,
1101 2659 1157 2710 qua
1177 2643 1294 2696 Romam
1314 2659 1358 2697 ars

212 2729 318 2784 Graeca
341 2729 470 2800 migrarit
493 2747 650 2799 novumque
673 2730 713 2786 ibi
736 2734 766 2786 at
790 2731 934 2801 proprium
953 2729 1127 2785 domicilium
1146 2729 1289 2786 statuerit:
1318 2733 1358 2799 ut,

210 2835 294 2889 quam
317 2819 407 2874 artem
430 2836 555 2888 quosque
578 2820 698 2876 artifices
720 2823 865 2890 tamquam
889 2837 963 2874 nova
985 2822 1075 2874 mater
1092 2819 1122 2872 in
1142 2817 1204 2872 sinu
1223 2835 1272 2872 suo
1292 2818 1357 2871 urbs

212 2911 302 2964 Roma
320 2908 435 2976 foveret,
454 2908 607 2978 participes
622 2909 742 2977 quodam
758 2909 841 2964 modo
856 2908 944 2978 ipsius
960 2907 1083 2962 civitatis
1093 2907 1236 2961 Romanoe
1251 2906 1356 2961 fierent.

210 2999 309 3069 Itaque
328 2996 388 3052 fieri
406 2996 530 3067 potuisse
549 3001 581 3052 ut
596 2997 625 3052 in
639 3000 720 3053 tenta
734 2998 851 3068 penuria
866 2998 1075 3064 statuariorum,
1094 2996 1144 3065 qni
1158 2995 1256 3050 ItaIIca
1270 2994 1358 3064 stirpe

210 3088 320 3142 oriundi
346 3087 471 3157 aliquam
497 3086 601 3141 famam
627 3087 704 3142 nacti
723 3090 828 3154 essent,
855 3089 980 3142 veterum
1000 3087 1169 3142 Graecorum
1189 3085 1358 3140 hebdomadi

212 3179 301 3232 Varro
320 3175 348 3229 in
364 3175 490 3245 proximo
504 3175 576 3230 libro
592 3175 797 3231 hebdomadem
812 3174 998 3245 posteriorum
1012 3179 1174 3246 opponeret,
1193 3175 1249 3243 qui,
1264 3192 1359 3244 quam-

213 3283 297 3335 quam
317 3263 465 3335 peregrina
483 3265 605 3336 origine,
628 3267 724 3320 tamen
743 3266 822 3344 velut
839 3263 1076 3334 adoptaticiornm
1093 3264 1123 3318 iu
1142 3265 1203 3318 loco
1223 3282 1240 3317 a
1259 3264 1359 3318 Roma-

210 3355 253 3409 nis
272 3354 451 3422 haberentur,
471 3359 503 3410 nt
522 3358 551 3410 et
569 3355 753 3410 nobilitantes
771 3371 872 3410 novam
892 3354 986 3409 sedem
1006 3356 1035 3408 et
1052 3354 1089 3408 ab
1103 3353 1201 3407 eadem
1215 3353 1359 3408 nobilitati

210 3443 271 3511 ipsi.
309 3443 401 3510 Atque
426 3441 468 3495 ita
493 3443 580 3496 etiam
606 3444 696 3512 magis
720 3443 848 3514 intellegi
871 3460 955 3512 quam
975 3441 1032 3496 vim
1051 3442 1121 3495 illud
1140 3441 1257 3510 habeat,
1286 3443 1359 3511 qnod

210 3533 271 3585 trun
298 3528 468 3584 revisisse
494 3533 584 3585 artem
608 3531 706 3586 scribit
725 3531 846 3586 Plinius:
873 3531 955 3598 item,
982 3547 1030 3584 cur
1054 3531 1090 3584 ab
1109 3529 1195 3585 CXXI
1220 3531 1256 3585 ad
1276 3529 1359 3584 CLVI

210 3616 399 3688 olympiadem
423 3618 504 3672 tauto
529 3619 662 3688 temporis
680 3618 760 3673 hiatu
779 3618 872 3674 subito
891 3619 1041 3676 transiliat.
1063 3651 1095 3660 —
1116 3621 1157 3673 De
1177 3636 1234 3688 qna
1252 3619 1359 3674 coniec-

210 3711 275 3762 tura
293 3705 369 3761 omni
388 3721 474 3776 penes
492 3705 563 3761 alios
580 3705 715 3761 iudicium
735 3709 802 3762 esto.
840 3709 933 3762 Vnum
953 3709 1006 3763 hoc
1023 3707 1160 3776 addimus,
1179 3723 1359 3778 magnacum

210 3793 412 3865 probabilitate
432 3794 552 3849 similem
570 3795 815 3852 ratiocinationem
834 3797 870 3850 ad
889 3799 1020 3852 Aeneae
1039 3811 1187 3865 personam
1206 3797 1359 3864 transferri,

213 3883 258 3938 cui
280 3871 373 3938 l'oemn
391 3881 422 3936 in
441 3881 528 3937 Εἰκόα
546 3885 679 3939 Varronis
698 3884 809 3940 Ioannis
828 3884 899 3954 Lydi
919 3885 1111 3940 testimouium
1129 3884 1231 3940 tribuit
1249 3885 1283 3939 de
1302 3903 1359 3940 ma·

211 3973 289 4044 gistr.
309 3973 335 4042 I,
354 3977 396 4026 30.
434 3971 507 4025 Nam
530 3972 604 4027 hunc
623 3974 656 4027 ut
674 3991 754 4027 sunm
775 3973 828 4028 sibi
847 3973 989 4029 vindicare
1008 3975 1214 4029 consueverunt
1231 3973 1359 4042 Itomani,

212 4063 255 4118 ita
273 4061 425 4116 Varronem
451 4060 628 4129 potissimum
646 4079 664 4117 a
682 4061 795 4118 Graecis
812 4062 945 4118 heroibus
964 4080 1126 4134 segregasse
1146 4079 1179 4118 eo
1198 4061 1360 4118 credibilius

213 4153 264 4218 est,
285 4167 339 4219 quo
359 4149 469 4220 aegrius
487 4149 517 4204 in
533 4151 587 4205 boe
601 4151 663 4221 ipso
677 4168 778 4220 genere
794 4152 830 4206 ad
844 4152 1044 4207 abundantiam
1060 4151 1228 4207 Graecorum
1243 4151 1359 4207 Italicae

212 4238 391 4308 antiquitatis
409 4237 506 4308 inopia
524 4241 776 4310 appropInqoabat.
792 4271 826 4280 -
844 4241 974 4296 Ceterum
995 4242 1023 4296 in
1041 4241 1243 4312 perlustrandis
1262 4240 1357 4297 elassi-

210 4329 262 4383 bus
281 4328 426 4383 hominum
445 4329 613 4397 inlustrium,
633 4345 703 4399 quae
718 4329 837 4384 Varroni
856 4331 1047 4400 suppeterent,
1060 4309 1150 4397 'supra
1163 4329 1257 4398 potuit
1271 4327 1357 4384 etiam

210 4416 326 4473 athletis
344 4417 425 4473 locus
440 4417 527 4472 tribui
546 4419 630 4486 atque
649 4416 867 4486 gladIatoribus,
891 4417 985 4488 potuit
1002 4417 1065 4472 aliis
1081 4417 1213 4472 Indorum
1231 4417 1356 4487 publico-

210 4525 272 4560 rum
291 4507 453 4576 viatoribus,
473 4505 566 4578 potuit
584 4505 667 4562 elaris
686 4505 856 4563 mulieribus.
