3258 5102
712 1303 828 1388 XVI.

347 1476 674 1562 Emendatiouum
701 1477 1016 1560 Catullieuurum
1044 1476 1195 1578 trias.*)

286 1818 399 1904 Nuper
426 1841 498 1884 eum
527 1819 562 1882 in
591 1818 765 1882 seminario
793 1822 905 1882 nostro
933 1817 1132 1902 philologieo
1156 1817 1342 1902 disputandi
1357 1838 1395 1878 111

198 1928 336 1992 materia
355 1926 460 2016 pllata
479 1929 565 1990 esset
588 1947 605 1988 e
624 1923 782 1990 Catullo
805 1925 918 2008 petita,
942 1923 1060 1989 accidit
1082 1924 1167 2008 quod
1185 1946 1252 1990 non
1269 1947 1342 1993 raro

198 2056 260 2100 usu
283 2034 384 2116 venit,
409 2033 502 2097 utin
526 2053 633 2097 errore
656 2031 843 2116 indagando
869 2031 1018 2116 sagacior
1041 2054 1138 2116 quam
1161 2031 1286 2099 felicior
1308 2034 1343 2098 in

196 2139 388 2204 inveniendo
416 2159 493 2203 vero
526 2143 698 2222 appareret
730 2139 786 2222 qui
819 2138 898 2202 illue
932 2137 1018 2202 haud
1049 2137 1250 2204 infructuosa
1279 2140 1343 2204 sibi

196 2246 306 2311 studia
324 2229 532 2311 contuleras
552 2244 655 2320 Quem
675 2245 792 2329 quibus
812 2245 873 2309 viis
894 2245 932 2308 ad
958 2244 1000 2327 id,
1023 2243 1110 2328 quod
1134 2267 1204 2309 esse
1227 2246 1342 2330 proba·

195 2353 263 2418 bile
285 2353 461 2434 videretur,
489 2351 708 2416 deducendum
735 2351 937 2434 putavimus,
966 2349 1046 2413 libet
1073 2371 1158 2414 nune
1185 2349 1342 2416 disserere

195 2459 306 2542 paullo
340 2458 546 2541 explicatius,
577 2456 767 2540 praesertim
797 2478 870 2520 eum
904 2455 1014 2539 aliqua
1045 2477 1084 2520 ex
1116 2461 1210 2540 parte
1243 2458 1342 2522 etiam

196 2566 360 2630 emendari
384 2565 435 2628 rel
459 2563 601 2647 suppleri
625 2584 734 2647 posse,
760 2584 841 2646 quae
865 2567 934 2626 lum
959 2563 1213 2647 significavimus
1236 2565 1341 2649 magis

199 2693 295 2756 quam
319 2671 480 2756 persecuti
504 2693 628 2753 sumus,
651 2669 830 2736 videantur.

286 2777 400 2862 ltaque
428 2778 463 2842 in
491 2775 750 2861 epithalamio
773 2775 881 2840 Pelei
909 2780 1022 2860 atque
1046 2777 1225 2841 Thetidis
1256 2777 1341 2861 quod

196 2885 318 2970 legitur
341 2907 370 2948 v.
397 2885 459 2948 100
482 2884 520 2948 de
544 2883 689 2948 Ariadna
712 2886 885 2966 conspecto
909 2882 1036 2948 Theseo
1060 2883 1309 2967 expallescente:

356 2991 502 3068 Quantos
526 2991 583 3054 illa
606 2990 683 3075 tulit
705 2989 874 3074 lungmeuti
898 2989 993 3054 eorde
1016 2989 1163 3054 timoresl

239 3117 250 3126 ·
356 3096 484 3174 Quanto
508 3118 603 3180 saepe
628 3096 734 3182 magis
758 3095 884 3180 fulgore
907 3094 1064 3178 expalluit
1087 3096 1171 3160 auril

194 3207 281 3268 reete
304 3203 505 3268 intellectum
528 3206 578 3267 est
601 3223 667 3268 uon
691 3202 837 3286 potuisse
856 3201 902 3266 sio
926 3201 1024 3265 scribi
1044 3224 1064 3266 a
1083 3199 1222 3267 Catullo.
1254 3203 1339 3270 Nam

194 3310 281 3394 quod
312 3331 410 3394 saepe
442 3309 479 3373 lit
512 3307 787 3391 commodissime,
823 3311 861 3372 ut
895 3330 955 3391 pro
989 3330 1067 3373 auro
1103 3314 1220 3392 poetae
1253 3309 1339 3375 ‘auri

194 3413 372 3500 fulgorem'
401 3415 510 3480 dioaut
538 3415 629 3479 iuxta
653 3436 725 3478 oum
755 3413 917 3478 similibus
946 3416 1102 3498 centenis,
1129 3415 1163 3478 id
1191 3421 1339 3501 apertum

194 3525 244 3586 est
266 3521 342 3586 ilieo
362 3521 538 3586 absurdum
561 3520 642 3604 fieri,
665 3519 721 3583 ubi
741 3521 770 3584 ei
789 3519 835 3583 rei
859 3519 929 3584 auri
948 3522 1148 3604 comparatio
1168 3521 1340 3586 adhibetur

194 3649 277 3710 quae
295 3625 433 3712 fulgoris
451 3625 577 3690 notioni
596 3628 663 3688 tam
683 3629 734 3689 est
752 3627 1030 3711 contrariaquam
1045 3625 1208 3712 splendori
1227 3626 1340 3710 pallor.

195 3731 265 3798 Neo
292 3731 439 3816 profecto
468 3733 569 3797 deso
594 3753 672 3796 auro
703 3732 788 3817 quod
816 3732 923 3818 fulget
945 3733 996 3798 vel
1019 3733 1154 3800 Ovidius
1182 3733 1341 3818 eogItevit

194 3838 326 3904 Metam.
349 3839 405 3924 XI,
422 3841 485 3905 145
508 3861 586 3904 arva
608 3859 686 3904 auro
709 3840 844 3904 modulis
861 3839 1015 3921 pollentio
1034 3839 1150 3924 yloebis
1173 3839 1283 3904 dicens
1307 3845 1340 3903 et

193 3945 314 4010 ibidem
342 3969 371 4011 v.
399 3947 462 4012 110
489 3967 600 4012 meum
621 3967 738 4029 meoque
758 3947 990 4030 pollicitam,
1018 3947 1070 4014 vel
1100 3945 1199 4012 Silius
1222 3945 1251 4029 Ι,
1274 3947 1339 4010 233

194 4055 273 4119 redii
303 4053 416 4135 infelix
447 4052 555 4133 effosso
587 4054 724 4119 concolor
756 4074 835 4118 auaro
868 4059 901 4118 et
933 4054 1079 4118 imitator
1111 4051 1183 4118 Silii
1215 4051 1339 4118 Statius
1353 4071 1388 4113 ιν

266 4321 292 4387 *)
308 4315 497 4390 [Prooemium
509 4318 668 4373 scholarum
676 4316 856 4372 hibernarum
865 4317 1053 4373 Bonnensium
1063 4335 1088 4374 a.
1102 4316 1339 4372 ctolocccuvn

195 4411 224 4463 et
241 4407 343 4462 LVIII:
366 4407 467 4462 iterum
492 4407 521 4461 iu
544 4407 688 4476 publicum
707 4406 839 4462 emissum
857 4407 887 4461 in
908 4407 1130 4462 ‘Prooemiorum
1150 4406 1338 4462 Bonnensium
1371 4445 1376 4454 .

195 4497 317 4553 deesde'
338 4516 364 4554 u.
383 4495 443 4568 lx]

248 4607 290 4640 ru.
305 4605 454 4640 aruscssurr
469 4603 603 4641 oevsom
622 4605 663 4640 ιιι.
1090 4592 1124 4642 38
