3274 5114
271 389 336 454 228
661 408 699 454 m
721 407 832 455 vrrnu
856 408 1024 456 rennurn
1135 381 1137 386 ’

269 571 327 632 que
349 571 386 614 ee
407 555 564 632 comperte
587 551 725 614 omnium
747 551 812 615 obit
826 553 962 634 precium
984 552 1019 616 in
1038 556 1152 615 emam
1169 552 1322 616 altiorem.
1347 550 1414 615 Vbi

271 657 316 720 sio
339 656 525 741 discrepant
547 657 660 739 ceteri,
690 660 727 721 ut
748 654 892 743 (praeter
914 679 930 722 e
951 657 1092 723 formam
1115 679 1174 742 pro
1197 679 1234 722 ee
1256 659 1414 724 substitu-

270 761 353 849 tam)
377 764 427 827 rel
451 763 529 827 obiit
550 764 585 826 in
600 765 756 845 praecium
775 769 890 828 enom
908 763 1047 848 prodant
1065 764 1117 828 vel
1134 764 1213 829 abiit
1230 765 1264 828 in
1278 766 1415 848 proriam

269 872 305 934 in
328 875 444 934 terram
466 869 518 933 vel
542 869 608 933 obit
629 868 736 952 (abiit)
759 870 794 934 in
813 871 948 952 precium
971 869 1093 934 omissa
1116 875 1231 934 terram
1253 891 1345 935 voce:
1378 875 1416 934 ut

269 975 395 1040 ineerta
418 975 492 1040 sede
516 975 671 1039 fluctuare
696 976 732 1039 in
754 977 1030 1059 praepositionem
1054 980 1217 1060 appareat.
1262 975 1414 1041 Numeris

271 1085 379 1146 autem
404 1105 467 1167 quo
492 1082 665 1165 satisfiat,
689 1081 770 1146 duae
794 1083 883 1148 solae
907 1083 1088 1167 corrigendi
1112 1083 1183 1148 viae
1206 1088 1334 1166 patent:
1358 1087 1415 1147 aut

270 1193 308 1252 ut
329 1187 407 1252 colit
421 1188 587 1255 Grae'cimn
604 1192 640 1254 tn
658 1194 774 1254 terram
797 1190 952 1274 probetur
976 1195 1033 1256 aut
1055 1195 1092 1255 ut
1114 1191 1180 1255 cibit
1196 1192 1231 1254 ire
1247 1189 1415 1256 Grae'cidm

271 1301 402 1360 terram:
424 1297 532 1361 nullus
556 1301 606 1361 est
629 1296 715 1361 euim
740 1319 835 1381 quem
855 1297 994 1362 Rothius
1013 1315 1140 1362 versum
1159 1297 1262 1361 finxit.
1296 1295 1415 1361 Vtrum

271 1407 421 1486 praestet,
444 1425 509 1468 non
533 1407 583 1467 est
602 1403 735 1468 difficile
754 1404 910 1468 iudicatu:
933 1403 1066 1488 perinde
1090 1403 1140 1468 vel
1163 1403 1229 1468 obit
1249 1402 1415 1486 praesenti

270 1515 417 1593 tempore
444 1510 495 1574 vel
523 1509 666 1593 perfecto
693 1510 772 1574 abiit
798 1509 978 1593 dicebatur,
1009 1531 1075 1575 non
1104 1509 1237 1594 perinde
1258 1511 1302 1574 -e'n
1323 1530 1414 1592 prae-

270 1616 390 1698 positio
414 1616 465 1679 vel
488 1616 760 1700 praemittebatur
783 1617 834 1681 vel
857 1616 964 1680 media
986 1617 1197 1681 inserebatur.
1234 1614 1320 1680 Nam
1342 1635 1413 1698 poe

269 1722 334 1786 tico
357 1726 486 1786 tantum
511 1722 658 1805 artificis,
681 1722 777 1806 quale
801 1723 842 1787 ab
865 1722 927 1786 hoc
946 1741 1064 1805 genere
1082 1721 1267 1787 litterarum
1287 1721 1416 1786 alienis·

270 1829 387 1892 simum
419 1833 483 1911 est,
516 1828 562 1893 sio
593 1829 683 1912 loqui
712 1827 878 1894 Graeciam
906 1829 942 1892 in
970 1834 1085 1892 terram
1113 1827 1219 1911 licuit,
1252 1849 1347 1911 quem
1375 1826 1415 1892 ad

270 1936 401 2000 modum
424 1934 585 2000 Celtiberia
607 1937 643 2000 ia
667 1941 750 1999 terra
773 1932 922 1999 Catullus
937 1935 990 2018 39,
1007 1937 1045 1999 ll
1072 1934 1168 1999 dixit:
1191 1936 1227 1999 in
1250 1933 1416 1998 Graeciam

270 2047 384 2106 terram
408 2041 473 2125 (vel
503 2041 602 2104 etiam
626 2041 778 2106 usitatius
805 2041 841 2104 in
863 2045 978 2104 terraer
1001 2035 1181 2127 Graeciam)
1204 2059 1319 2124 prosae
1342 2061 1415 2104 ora·

270 2148 369 2212 tionis
394 2147 639 2231 simplieitatem
662 2169 794 2211 servans
818 2147 953 2211 castitas
977 2147 1137 2212 sermonis
1161 2146 1286 2230 antiqui
1304 2151 1416 2230 postu-

270 2253 374 2335 labat,
403 2253 488 2317 sicut
516 2253 549 2317 in
574 2253 762 2317 Trinummo
786 2254 906 2318 aduecti
928 2254 971 2318 od
992 2253 1147 2318 Arabiam
1170 2258 1286 2318 terram
1307 2271 1416 2317 memus

163 2358 181 2390 '
270 2357 407 2423 Plautus
431 2358 514 2424 dixit
537 2381 565 2424 v.
589 2359 667 2438 933,
699 2359 855 2424 Arabiam
877 2360 921 2424 ad
942 2365 1057 2424 terram
1083 2381 1151 2424 non
1179 2359 1284 2443 magis
1307 2356 1416 2441 potuit

270 2487 381 2548 quom,
413 2466 469 2550 qui
497 2469 627 2549 poetam
650 2487 716 2531 non
740 2471 865 2551 ageret,
887 2465 1030 2530 Rhenum
1053 2467 1089 2530 in
1110 2465 1245 2547 [laniem
1267 2463 1318 2528 rel
1341 2462 1415 2526 Ale·

268 2573 427 2636 xandrum
450 2573 492 2636 ad
512 2573 623 2654 filium.
668 2572 737 2638 Nee
761 2573 865 2657 aliter,
888 2573 943 2656 qui
966 2570 1100 2637 Catonis
1120 2569 1341 2654 Varronisque
1364 2589 1415 2632 ex·

215 2701 256 2740 aa
272 2677 379 2762 emplo
408 2677 502 2742 valde
530 2679 710 2744 delectatur
737 2679 799 2744 hac
828 2680 983 2746 societate
1006 2679 1186 2762 nominum,
1211 2675 1349 2741 Gellius:
1380 2676 1417 2739 in

270 2783 503 2849 terraGraeca'a
526 2787 591 2867 1,1.
615 2785 745 2868 xv11,3.
768 2784 1108 2866 xv11‚21§160t23,
1131 2785 1166 2848 in
1185 2789 1267 2849 terro
1286 2781 1415 2847 Vmbria

270 2909 320 2975 111,
335 2893 365 2976 2,
388 2893 423 2956 in
446 2896 529 2955 terra
551 2891 666 2970 Africa
688 2910 734 2974 1v,
760 2893 809 2956 18.
833 2909 904 2974 xvr,
931 2893 979 2974 11,
1001 2891 1037 2955 ia
1059 2896 1142 2954 terre
1165 2889 1275 2967 Italae,
1298 2889 1334 2952 ia
1357 2892 1415 2952 ter·

246 2997 341 3063 'rom'
362 2999 551 3063 Lmonieom
578 3017 654 3080 xvr,
680 2997 731 3082 19,
761 3019 799 3063 ec
826 3002 909 3062 terra
931 2997 1094 3079 Hispania
1121 3015 1211 3080 xvn,
1234 2997 1265 3079 3,
1296 2999 1416 3059 eterra

269 3105 351 3170 Asia
378 3123 456 3190 xrs,
483 3105 513 3170 9.
563 3103 685 3170 Contra
717 3105 843 3189 poetico
877 3104 984 3169 colore
1015 3104 1136 3168 tinctus
1169 3102 1274 3167 Taciti
1307 3121 1412 3164 sermo

270 3235 336 3278 non
358 3211 543 3296 refugiebat
565 3209 700 3293 Capreas
722 3231 754 3276 se
775 3211 811 3276 in
832 3211 970 3276 trisulcem
992 3209 1112 3275 obdc'elil
1133 3209 1217 3274 Ann.
1240 3226 1287 3290 1v,
1306 3207 1358 3289 67,
1382 3211 1416 3269 et

271 3319 299 3382 si
328 3339 410 3402 quae
438 3323 515 3380 suut
541 3317 693 3381 similiter
720 3317 806 3381 dicta
833 3317 962 3382 inverso
986 3315 1099 3380 ordine
1121 3319 1158 3380 ut
1180 3315 1289 3397 oppeto
1311 3333 1333 3377 a
1355 3311 1414 3377 Co·

269 3445 349 3507 nopo
372 3443 407 3507 11,
422 3425 473 3507 60,
495 3429 627 3489 meatem
649 3424 887 3506 apiedErpeum
909 3423 1020 3505 1v,43.
1057 3419 1208 3487 Ceterum
1231 3441 1295 3485 uno
1316 3418 1414 3483 verbo

273 3530 448 3615 repellendi
478 3535 554 3595 sunt
584 3532 639 3615 qui
667 3529 817 3597 Graeom
845 3529 882 3594 in
912 3533 1026 3593 enam
1056 3527 1321 3592 commendarunt
1349 3545 1415 3588 non

272 3641 440 3722 perspecta
472 3637 504 3700 ri
537 3637 751 3722 appositionis
785 3657 883 3720 quam
916 3633 1088 3699 sanissimo
1124 3633 1244 3698 iudicio
1277 3629 1414 3696 Carolus

270 3742 486 3828 Nipperdeius
517 3767 621 3829 nuper
650 3744 825 3828 explicavit
853 3739 1004 3826 Spioileg.
1033 3741 1101 3805 crit.
1125 3741 1158 3804 in
1182 3738 1309 3804 Cornel.
1331 3737 1414 3820 Nep.

271 3873 301 3935 p.
325 3851 368 3914 35
383 3873 431 3935 sq.
464 3887 507 3896 —-
539 3851 649 3916 Vnum
682 3853 800 3932 restat,
832 3848 917 3932 quod
946 3847 1008 3912 etsi
1036 3845 1231 3911 dubitationi
1259 3866 1331 3909 esse
1359 3844 1415 3908 ob·

270 3957 403 4022 noxium
431 3956 536 4020 sentio
542 4007 551 4039 ,
578 3961 686 4020 tamen
716 3955 848 4020 silentio
875 3953 1132 4037 praetermittere
1156 3951 1306 4036 religioni
1330 3949 1416 4015 duxi.

271 4061 403 4127 Etenim
426 4083 604 4145 numquam
627 4082 692 4125 uon
716 4059 888 4124 offensioni
911 4058 1012 4122 fuisse
1038 4058 1144 4122 fateor
1167 4057 1266 4142 quod,
1294 4079 1357 4140 quo
1381 4077 1416 4122 se

271 4169 431 4254 receperit
458 4167 641 4251 Terentius,
676 4165 813 4232 Graecia
840 4165 975 4229 ultimo
1003 4163 1133 4229 dicitur:
1168 4163 1258 4228 cuius
1286 4163 1414 4246 quidem

271 4275 469 4340 definitionis
494 4295 606 4340 vereor
629 4278 665 4338 ut
688 4273 788 4337 ullam
811 4276 933 4336 certam
957 4271 1124 4336 notionem
1143 4269 1244 4334 menti
1268 4291 1345 4334 suae
1368 4269 1416 4334 in-
1531 4327 1536 4336 .

271 4381 413 4446 formare
437 4386 563 4446 veteres
586 4380 648 4464 ipsi
671 4377 850 4464 potuerint:
873 4380 942 4442 turn
965 4377 1024 4442 illa
1042 4381 1076 4442 et
1094 4377 1136 4442 ab
1155 4399 1215 4441 usu
1233 4375 1355 4439 recedit
1373 4379 1415 4458 et,

272 4489 371 4552 situm
387 4485 542 4552 Graeciae
562 4488 589 4551 si
609 4487 713 4570 qualis
733 4485 777 4550 sit
795 4485 1010 4569 reputaveris,
1029 4488 1142 4568 suapte
1161 4487 1279 4548 natura
1296 4483 1414 4546 mirum
