3274 5114
608 411 891 460 camararius.
1255 393 1319 460 259

178 555 365 620 testimonio
388 553 468 619 haec
491 554 637 637 quaestio
661 555 767 619 omnis
791 555 985 638 absolvitur,
1007 553 1242 637 Hieronymus,
1265 553 1321 636 qui

178 662 249 744 ipsa
281 659 427 726 Suetonii
460 660 558 724 verba
590 660 772 744 exprimens
802 659 961 726 Terentius
988 659 1093 744 inquit
1120 660 1154 724 in
1181 659 1321 723 Arcadia

178 769 318 846 saritur,
341 786 408 830 non
432 765 514 830 dixit
536 765 712 848 Stymphali
733 767 874 831 mor‘itur.
911 763 997 830 Nam
1021 788 1060 828 ex
1082 765 1221 830 Ausonii
1244 787 1321 830 sane

179 873 286 939 verbis
314 872 420 956 Epist
452 872 621 956 xv111‚16
653 871 811 937 Arcadiae
835 873 934 938 modio
961 874 1016 954 qui
1043 874 1121 938 iacet
1146 873 1182 936 ia
1206 873 1322 954 proruto

178 979 261 1044 nihil
284 978 529 1044 consectarium.
1348 1063 1352 1068 Δ

266 1083 342 1166 Pag.
361 1085 425 1158 212,
444 1085 458 1148 l
481 1085 674 1166 implicatam
696 1085 830 1168 formae,
853 1107 951 1170 quam
974 1088 1115 1150 testatur
1132 1084 1271 1149 Parisini
1290 1086 1323 1148 A

184 1191 348 1274 memoria,
366 1213 431 1256 non
451 1195 522 1255 erat
538 1213 595 1256 our
612 1192 796 1274 implicitam
810 1193 989 1276 praeferret
1002 1192 1143 1257 Rothius
1159 1191 1277 1272 [sedin
1291 1192 1324 1254 A

185 1300 262 1362 item
284 1297 458 1379 inplicitum
480 1297 546 1381 legi
564 1319 651 1363 nuno
665 1297 831 1382 Meynckii
849 1299 1037 1364 testimonio
1057 1301 1186 1363 constat
1199 1295 1233 1362 Ο.
1248 1296 1325 1376 W.].

180 1405 278 1478 Reate
300 1407 409 1468 autem
427 1403 512 1468 idem
530 1424 567 1468 ea
585 1405 687 1469 dolore
703 1424 740 1468 aa
754 1405 869 1469 taadcb:
891 1404 1064 1488 inquibus
1089 1389 1324 1487 perscribendis

183 1531 256 1574 cum
291 1508 442 1574 librarius
480 1509 701 1593 imprudenter
737 1509 948 1594 anticipatum
978 1531 1016 1575 aa
1046 1509 1241 1594 partientem
1273 1509 1325 1572 bis

181 1616 345 1702 posuisset
374 1636 412 1680 aa
442 1637 480 1682 ea
510 1617 613 1682 dolare
643 1638 680 1682 ac
712 1619 823 1695 taedia
855 1616 931 1682 hino
963 1616 1126 1700 profectus
1155 1621 1326 1698 corrector,

94 1725 98 1734 '
181 1745 198 1788 e
221 1723 311 1787 cuius
335 1723 520 1788 recensione
543 1723 619 1788 libri
641 1723 762 1789 norioii
780 1727 961 1807 mananmt,
984 1723 1112 1788 effinxit
1130 1721 1226 1786 nihili
1245 1721 1322 1784 sori·
1339 1743 1377 1783 an

181 1833 310 1912 pturam
332 1830 399 1892 acri
421 1829 522 1894 dolore
543 1851 581 1894 aa
603 1831 711 1894 media.
757 1829 844 1894 Nam
865 1829 949 1894 nihil
973 1832 1009 1893 ut
1033 1829 1137 1893 dicam
1161 1827 1200 1891 de
1224 1827 1326 1890 ambi-

182 1955 246 2018 gua
268 1935 489 1999 conlocatione
512 1936 580 1999 aeri
603 1935 768 2020 adiectiri,
791 1915 878 2020 quod
900 1935 986 1999 inter
1009 1935 1157 1999 morbum
1182 1936 1215 1998 et
1237 1933 1325 1998 dolo-

181 2061 249 2104 rem
272 2041 397 2105 incerta
420 2041 660 2106 constructione
684 2045 834 2127 vagatur,
863 2041 968 2125 ipsam
991 2061 1029 2106 ea
1051 2040 1326 2124 praepositionem

183 2146 263 2212 haec
286 2146 413 2231 quidem
433 2146 594 2211 sententia
612 2148 758 2230 postulat
776 2149 967 2212 necessario.
998 2145 1076 2212 Non
1095 2169 1172 2211 sane
1191 2167 1327 2230 usquam

183 2250 368 2337 Suetonius,
401 2275 474 2317 cnm
502 2251 687 2335 quempiam
715 2252 883 2336 quippiam
915 2251 1022 2317 facere
1052 2251 1178 2335 dolore,
1209 2252 1328 2334 taedio,

183 2363 271 2424 metu
297 2359 459 2424 declarare
487 2357 557 2421 vult
583 2356 788 2442 simpliciter,
820 2357 853 2422 id
881 2357 1007 2422 adiecta
1034 2378 1071 2421 ea
1093 2358 1226 2422 notione
1250 2357 1328 2420 dicit

1 2465 3 2482 '
56 2533 68 2554 ,
183 2464 286 2552 (velut
309 2487 382 2530 eum
401 2463 548 2530 Servium
564 2464 685 2546 pudore
705 2484 743 2529 ac
766 2465 864 2529 taedio
886 2465 1038 2529 samanae
1059 2463 1099 2528 ab
1120 2463 1194 2528 arte
1216 2467 1328 2528 narrat

184 2572 222 2636 de
237 2568 434 2656 gramm.3):
457 2569 514 2634 sed
538 2569 686 2634 morbum
711 2591 783 2634 cum
802 2569 937 2634 vellete
956 2569 1067 2635 dolore
1086 2573 1194 2635 ortum
1212 2569 1328 2653 dicere,

186 2679 327 2746 debebat
353 2676 500 2761 profecto
529 2674 684 2741 ‘nimbum
711 2697 748 2741 aa
774 2675 902 2760 dolorc’,
934 2677 999 2742 nisi
1021 2677 1132 2742 addito
1155 2675 1328 2760 participio

185 2784 311 2851 ‘dolore
330 2782 495 2849 effectum'
514 2783 630 2848 mallet
648 2783 698 2847 vel
722 2783 880 2847 similiter.
918 2782 1010 2858 Quod
1034 2783 1161 2866 quidem
1186 2782 1328 2846 sentiens

187 2891 325 2956 Bothius
349 2913 422 2956 cum
445 2893 582 2974 utroque
606 2889 729 2954 sociato
753 2890 911 2954 vocabulo
936 2889 983 2954 sio
1002 2889 1134 2972 scripsit
1151 2888 1254 2952 morbo
1272 2889 1328 2950 ira

180 2997 324 3079 plicitum
353 2997 422 3062 aeri
450 3017 486 3061 ea
514 2997 615 3062 dolore
643 3017 681 3060 ac
710 2997 822 3074 taedio,
853 3017 919 3060 non
951 2995 1057 3081 magis
1089 2995 1204 3079 placet
1254 2991 1329 3058 Sive

186 3104 271 3168 enim
300 3125 373 3168 cum
403 3102 506 3166 morto
537 3103 604 3167 sive
636 3124 709 3167 cum
737 3103 840 3168 dolore
869 3103 1006 3167 struitur
1033 3103 1100 3166 aori
1127 3100 1330 3180 adieetivum,

184 3209 318 3291 perinde
342 3211 453 3294 inepto
476 3207 618 3292 pondere
641 3210 839 3274 sententiam
862 3213 976 3275 onerat
994 3207 1213 3292 postpositum
1231 3208 1329 3291 parti·

186 3314 271 3398 cipio
294 3335 332 3378 aa
354 3314 589 3397 praepositioni
612 3316 838 3398 antepositum.
875 3313 961 3380 Nolo
981 3314 1118 3380 enimin
1137 3337 1175 3379 eo
1198 3313 1330 3378 haerere
1432 3377 1435 3388 ,

187 3421 270 3506 quod
290 3441 419 3504 prauam
436 3419 545 3503 potius
564 3419 713 3484 morbum
732 3419 817 3485 solet
831 3417 1004 3485 Suetonius
1023 3419 1128 3484 dicere
1147 3425 1184 3485 ut
1198 3418 1330 3484 Tiora.

187 3525 282 3610 Vesp.
294 3527 325 3610 2,
346 3547 412 3592 non
425 3545 526 3590 amaa
541 3527 577 3588 ut
590 3523 724 3607 Plautus
738 3524 958 3592 Menaechmis
977 3548 1007 3592 v.
1017 3525 1091 3592 872.
1120 3525 1243 3603 Quodsi
1257 3527 1340 3610 quis¹

189 3631 277 3696 aliud
296 3651 407 3696 eruere
425 3653 442 3694 e
461 3629 601 3694 Parisini
620 3630 776 3695 memoria
794 3631 939 3697 animum
958 3631 1128 3710 induxerit,
1147 3653 1247 3696 unum
1268 3630 1330 3695 hoo

188 3738 338 3802 relictum
353 3741 403 3802 est
416 3741 453 3800 ut
466 3736 569 3801 morbo
582 3735 776 3819 rupturam
783 3757 864 3819 prae
876 3739 978 3804 dahac
991 3739 1107 3822 probet
1120 3735 1171 3822 (ut
1180 3734 1331 3821 Oth.12):

190 3843 274 3927 quod
292 3865 370 3917 num
389 3843 432 3907 sit
450 3841 620 3925 probabile
638 3843 671 3908 in
689 3863 727 3908 aa
745 3864 782 3909 ea
801 3848 989 3929 corruptum
1012 3865 1091 3929 esse,
1113 3844 1184 3928 ipse
1207 3841 1332 3907 viderit

166 3943 175 3970 '
277 3947 354 4030 Peg.
372 3947 471 4022 alat
492 3949 688 4014 sarcinarum
711 3948 809 4014 etiam
834 3949 972 4033 scriptor
991 3950 1077 4016 vitae
1096 3947 1332 4014 Ambrosianae

191 4055 273 4140 legit
293 4055 435 4120 sarcinas
456 4053 637 4138 sabrclaspae
658 4055 692 4119 in
716 4077 833 4121 narem
855 4055 1025 4140 impositos
1049 4077 1245 4122 memorans:
1276 4053 1332 4118 ubi

189 4161 365 4226 sarcinulas
383 4159 535 4224 Petraroa
553 4181 626 4224 oum
644 4160 825 4226 Polentono
844 4161 974 4228 habent
996 4163 1066 4229 Nee
1085 4162 1173 4227 aliud
1192 4159 1332 4226 voluisse

192 4266 392 4352 Stephanum
411 4266 565 4349 suspicor,
584 4265 699 4330 calami
717 4271 844 4332 tantum
863 4269 913 4332 vel
932 4267 1124 4352 typothetae
1143 4285 1251 4352 errore
1269 4265 1332 4328 nisi

191 4373 289 4438 fallor
310 4379 490 4454 marum
512 4372 754 4455 exprimentem.
937 4380 941 4390 ‘

279 4477 403 4542 Ibidem
431 4479 467 4543 iu
492 4497 605 4542 anema
637 4477 722 4560 quod
750 4479 890 4546 Bothius
919 4479 1040 4563 recepit
1067 4501 1105 4542 ex
1134 4479 1179 4564 A,
1210 4477 1333 4542 factum
1415 4565 1420 4576 Ι

1068 4581 1122 4637 17*
