3274 5114
286 408 355 494 242
675 426 712 474 ru
735 427 845 474 vrrnu
868 427 1035 475 ranenrn

182 639 188 656 ι
285 567 320 630 in
344 567 462 632 codicis
487 567 802 650 scripturarumque
825 567 1011 653 Schopenus
1035 569 1189 656 pervidit)
1212 569 1380 637 Parisinus
1399 571 1432 636 A

181 687 184 695 ’
286 673 501 758 suppeditarit
533 678 585 739 sat
617 674 798 760 eleganter,
829 681 941 741 tamen
975 678 1015 742 ab
1046 675 1160 742 eodem
1190 697 1249 760 pro
1276 697 1308 742 sc
1335 679 1434 742 tutori

283 781 448 864 proditum
484 781 620 862 refutare
650 803 716 847 non
748 787 859 866 potest
890 805 956 847 non
989 784 1154 849 oculorum
1187 783 1288 849 errori
1320 783 1433 849 tribui.

283 885 375 952 Nihil
400 888 486 952 enim
509 890 546 952 ut
569 888 608 952 de
631 887 766 973 omisso,
794 911 858 974 quo
883 909 979 974 aegre
1002 911 1185 975 careamus,
1214 911 1283 954 conr
1305 911 1433 955 accusa-

284 994 351 1058 tivo
376 993 496 1076 dicam,
523 1015 583 1058 nee
605 1016 716 1060 verum
741 999 791 1060 est
812 995 880 1060 ullo
905 995 1001 1061 modo
1024 996 1076 1060 vel
1099 995 1241 1062 refutare
1264 997 1360 1062 istem
1385 997 1432 1060 fa·

284 1121 371 1166 mam
394 1097 581 1165 Terentium
605 1101 657 1166 vel
679 1101 762 1165 velle
785 1100 935 1184 refirtam,
961 1101 1017 1186 qui
1041 1101 1201 1187 largietur
1223 1103 1332 1187 potius
1355 1103 1432 1168 alie-

283 1227 361 1270 num
380 1205 538 1270 auxilium
555 1205 651 1291 idque
671 1212 802 1272 excuset
819 1209 959 1290 tantum,
981 1229 1040 1272 nec
1060 1207 1191 1274 omnino
1211 1213 1328 1275 coeunt
1346 1209 1433 1275 inter
1462 1237 1467 1246 =

284 1334 319 1376 se
342 1315 524 1397 pugnantes
547 1314 654 1378 cute
677 1317 710 1377 ct
732 1313 829 1398 longe
853 1312 1032 1378 fortissima
1053 1315 1191 1395 resultare
1212 1317 1372 1382 notiones.

372 1419 449 1502 Pag.
464 1419 531 1494 209,
547 1420 566 1484 2
585 1421 673 1486 solus
692 1418 867 1486 Suetonius
888 1421 1031 1486 servavit
1044 1422 1141 1487 Hunc
1159 1445 1348 1508 pronomen,
1371 1445 1431 1506 pro

285 1549 348 1611 quo
381 1527 416 1592 in
448 1525 653 1592 Terentianis
685 1526 778 1591 libris
809 1527 960 1592 omnibus
991 1526 1050 1593 Ad.
1082 1528 1164 1612 prol.
1196 1530 1237 1594 16
1267 1529 1432 1612 proditum

284 1633 370 1697 Eum
394 1633 582 1698 certissimis
606 1632 645 1697 de
664 1633 787 1698 caussis
806 1632 1067 1718 posthabendum
1091 1639 1149 1699 est.
1185 1634 1272 1700 Nam
1289 1635 1431 1718 primum

283 1761 414 1822 prorsus
445 1743 597 1805 constans
628 1743 679 1804 est
708 1739 742 1804 in
770 1739 822 1804 his
845 1740 1005 1824 prologis,
1035 1744 1158 1808 utnon
1183 1741 1249 1806 alio
1272 1741 1337 1806 nisi
1359 1742 1432 1825 ipso

283 1845 333 1910 iric
359 1846 551 1930 pronomine
579 1849 677 1930 poeta
701 1845 893 1912 declaretur:
927 1846 1017 1911 cuius
1041 1847 1089 1912 rei
1113 1846 1307 1912 documenta
1328 1845 1431 1910 habes

283 1953 318 2016 in
340 1952 478 2036 prologo
502 1951 673 2035 Adelphos
695 1974 725 2016 v.
752 1952 793 2016 10
814 1952 872 2034 bic,
898 1953 937 2018 18
960 1952 1018 2037 bic,
1041 1952 1184 2017 Andriae
1211 1955 1251 2019 18
1274 1953 1364 2037 burno,
1390 1954 1430 2018 19

282 2057 344 2142 br'c,
370 2057 521 2123 Eunuchi
544 2057 588 2123 35
614 2057 686 2122 buia
717 2057 807 2142 (nam
822 2059 979 2142 paullum
1007 2059 1115 2124 differt
1143 2060 1219 2124 ibid.
1242 2075 1271 2125 v.
1294 2061 1315 2125 3
1339 2066 1432 2142 pocta

282 2163 359 2250 bio),
387 2164 539 2234 Heauton
566 2165 784 2230 timorumenu
810 2165 850 2230 18
877 2165 940 2250 hio,
967 2165 1127 2251 2311111,
1155 2166 1363 2232 Phormionis
1389 2167 1429 2232 18

280 2271 373 2355 breno,
400 2273 439 2338 19
462 2273 519 2338 1111.
565 2271 699 2338 Accedit
722 2277 830 2337 autem
854 2272 939 2357 quod
962 2273 996 2338 in
1020 2275 1066 2338 eis
1090 2274 1146 2358 qui
1168 2274 1315 2358 proxime
1338 2296 1429 2358 prae-

282 2381 400 2446 cedunt
427 2380 574 2445 versibus
597 2402 638 2445 ne
661 2379 784 2445 mentio
809 2378 938 2462 quidem
963 2379 1000 2444 fit
1023 2384 1153 2464 poetae,
1182 2380 1223 2445 ad
1247 2381 1338 2446 cuius
1362 2403 1431 2465 per-

284 2509 398 2554 sonam
420 2507 491 2552 eum
514 2507 691 2570 pronomen
715 2482 923 2570 referatur*).

229 2625 269 2666 aaa
373 2593 479 2658 Versu
501 2591 519 2657 8
547 2593 701 2677 quoniam
724 2613 755 2658 sc
781 2612 960 2677 pronomen
988 2615 1007 2656 a
1034 2595 1143 2659 vetere
1166 2593 1313 2660 Parisino
1340 2615 1432 2677 pror·

285 2685 496 2718 ..J-...-

354 2751 379 2820 *)
398 2752 501 2806 Versus
519 2749 644 2821 integros
662 2749 776 2819 subieci,
796 2753 829 2806 ut
846 2749 900 2805 bac
918 2749 1128 2819 opportunitate
1147 2751 1375 2820 praetermissum
1394 2749 1430 2804 ub

283 2841 438 2897 editoribus
456 2857 576 2894 naevum
595 2840 766 2910 abstergam:

462 2929 503 2983 Iu
521 2929 629 2983 &ecca
647 2929 804 2986 udulaecm
822 2934 867 2996 cst,
887 2929 935 2998 qui
954 2929 1046 2982 1111οηί
1064 2929 1147 2998 eripit

461 3018 633 3074 Meretricem
651 3019 683 3072 iu
696 3019 792 3086 primu
809 3018 916 3085 subula.
945 3033 1005 3071 nam
1025 3015 1148 3072 Plautia
1166 3017 1253 3072 ionem

461 3107 584 3176 Reliquit
602 3107 746 3178 iaupmm.
775 3124 835 3162 eum
853 3107 897 3161 bic
915 3107 1003 3162 lenem
1020 3107 1137 3176 sumpsit
1154 3107 1208 3160 sibi
1396 3113 1429 3160 10

461 3197 501 3250 ra
519 3196 666 3266 napea
683 3196 796 3251 moun
814 3196 847 3250 ce
864 3195 946 3250 aeuo
965 3181 1120 3264 aptam
1138 3195 1244 3249 acutri.

461 3283 536 3338 Eam
553 3301 603 3339 noa
621 3285 713 3338 acturi
730 3299 824 3337 morra
841 3298 956 3338 amum:
972 3283 1132 3351 ponsrode,

461 3372 618 3428 Furtumne
635 3373 740 3440 funum
757 3373 924 3427 mamare
942 3389 980 3428 ou
999 3373 1088 3428 lenem

458 3461 627 3531 Reprsusum
645 3463 694 3532 qui
708 3463 877 3531 praeteritus
895 3462 1093 3532 neclegentiam.

457 3551 533 3606 Nam
551 3551 624 3620 quod
641 3550 689 3604 isti
706 3551 804 3606 dicarat
821 3551 958 3621 1111111111,
976 3552 1096 3608 nominee
1113 3549 1217 3606 actites
1394 3557 1426 3606 15
1455 3573 1462 3586 ·

458 3641 543 3694 Eum
561 3639 690 3694 adiutare
708 3655 732 3695 e.
751 3658 777 3708 q.
797 3659 817 3696 s.
939 3647 942 3652 '

282 3733 312 3786 In
332 3731 376 3786 bis
395 3729 484 3798 enim,
507 3731 619 3814 praeter
637 3727 713 3782 Eum
731 3727 816 3796 illud,
834 3729 885 3782 aut
903 3728 1073 3798 permolesta
1091 3730 1134 3782 cst
1152 3728 1181 3782 et
1199 3742 1297 3796 expers
1315 3727 1427 3796 elegen·

281 3821 338 3876 tiae
361 3817 475 3875 iteratio
499 3817 647 3872 verborum
671 3832 742 3884 quaa
766 3818 834 3890 sunt
853 3831 913 3871 eum
935 3817 1022 3871 lucram
1040 3836 1066 3872 v.
1086 3821 1101 3870 9
1121 3817 1151 3871 11
1170 3821 1216 3885 10,
1240 3817 1291 3870 aut
1308 3815 1353 3881 (de
1372 3831 1427 3883 qno

280 3907 364 3962 facile
390 3905 528 3976 quispiam
556 3905 672 3976 cogitet)
699 3904 794 3960 dedita
819 3921 904 3976 opera
926 3905 1017 3962 ascita
1039 3907 1082 3960 cst
1106 3905 1161 3960 hoc
1180 3903 1296 3961 consilio
1315 3903 1347 3958 nt
1365 3922 1428 3959 eum

281 3997 373 4068 ipsum
392 3997 486 4050 locum
504 3991 607 4062 solum,
630 4009 683 4048 nec
701 3993 851 4064 quicquam
869 3996 1016 4064 praeterea
1034 3993 1124 4062 aliud,
1144 4011 1177 4049 ex
1194 3991 1301 4063 Diphili
1320 4007 1428 4046 comoe-

281 4086 328 4140 dia
353 4083 503 4154 sumpsisse
529 4081 584 4136 sibi
609 4081 638 4136 in
656 4081 799 4152 Adelphos
825 4085 910 4152 poeta
932 4083 1145 4154 significaretur.
1182 4083 1221 4138 At
1242 4079 1295 4137 tali
1313 4079 1429 4135 consilio

281 4176 376 4246 aperte
400 4172 471 4228 illud
495 4174 634 4242 repugnet
657 4171 744 4242 quod,
769 4170 798 4224 in
817 4186 872 4240 quo
891 4169 1028 4227 vocabulo
1046 4171 1108 4243 ipse
1125 4171 1169 4228 vis
1188 4168 1343 4226 sententiae
1361 4167 1430 4222 insit

280 4265 422 4334 oporteat,
447 4263 474 4316 b.
494 4279 518 4317 e.
536 4277 609 4328 eum,
635 4260 664 4314 id
689 4260 719 4316 in
744 4259 950 4330 pronuntiando
976 4279 1058 4318 versu
1076 4261 1146 4316 'redeo
1165 4257 1306 4316 delitescit
1323 4259 1428 4312 utnon

281 4352 364 4407 modo
382 4351 469 4406 ictum
488 4367 547 4406 non*
562 4349 665 4405 habeat
684 4348 733 4404 sed
751 4366 785 4404 na
805 4347 942 4418 syllabam
962 4349 1074 4418 quidem
1089 4347 1200 4404 alliciat.
1234 4347 1308 4418 Ergo
1327 4345 1427 4402 saltem

280 4440 516 4510 transponendum
540 4441 614 4494 erat:
642 4439 702 4493 111111
724 4438 811 4492 barm
833 4437 878 4492 bic
895 4442 1012 4508 sumpsit
1029 4439 1091 4492 sibi.
1129 4435 1305 4505 Quamquam
1324 4433 1369 4490 vel
1388 4433 1428 4488 sic

281 4531 374 4582 lamen
394 4529 430 4584 ab
449 4527 590 4598 elegantia
607 4527 720 4596 quidem
739 4541 839 4596 pamm
858 4525 1109 4581 commendationis
1126 4525 1214 4580 babet
1231 4523 1290 4580 sine
1304 4523 1363 4578 ulla
1376 4537 1424 4577 ue·
