3294 5104
272 368 337 434 296
684 384 730 430 nn
755 381 1012 448 sununsrroun

273 528 511 616 superscriptis,
535 527 727 610 subscriptis
752 525 880 590 infinito
903 547 1037 591 numero
1061 525 1341 612 explicationibus,
1363 525 1420 602 sed

273 634 402 700 easdem
435 657 531 718 saepe
564 635 605 699 ab
638 633 720 718 ipsis
749 635 864 716 poetae
893 631 1000 697 verbis
1030 632 1110 697 adeo
1140 632 1208 697 sive
1238 633 1420 700 litterarum

272 727 379 806 forma
406 742 474 806 sive
502 741 646 806 locorum
676 739 918 823 opportunitate
947 760 1013 802 non
1036 738 1207 803 distinctas
1231 744 1356 824 tenent,
1383 745 1421 806 ut

274 871 341 914 non
373 869 462 931 raro,
493 845 741 930 interpretarine
774 844 899 929 aliquid
930 844 1057 909 librarii
1086 845 1251 911 voluerint
1282 870 1324 913 an
1356 849 1419 933 ipsi

274 955 416 1038 fabulae,
440 954 525 1038 quod
548 952 582 1017 in
604 951 775 1017 verborum
798 951 1013 1017 continuitate
1036 950 1121 1016 forte
1145 953 1303 1018 omissum
1327 957 1421 1035 esset,

275 1061 414 1141 adicere,
447 1058 579 1124 minime
609 1057 740 1142 liqueat.
796 1055 846 1121 Ac
875 1057 954 1122 licet
982 1078 1227 1143 nonnumquam
1256 1061 1325 1123 tam
1355 1060 1420 1124 evi-

275 1169 388 1232 denter
410 1151 526 1232 tialium
551 1164 709 1250 originem
733 1163 965 1248 glossematum
984 1164 1163 1250 ostendere,
1186 1169 1223 1230 ut
1244 1166 1352 1230 hercle
1374 1165 1422 1230 iu-

274 1277 383 1340 currat
410 1273 445 1338 in
473 1273 597 1356 oculos,
629 1272 721 1338 velut
749 1293 788 1336 cx
816 1271 937 1354 duplici
960 1271 1123 1355 scriptura
1146 1271 1248 1356 ipsius
1271 1270 1421 1337 Bembini

275 1381 301 1465 l,
316 1380 368 1446 52.
390 1377 432 1463 H,
447 1379 503 1462 28,
524 1391 569 1442 'er
593 1376 892 1460 interpretamentis
915 1374 1070 1442 Halensis
1095 1379 1171 1443 libri
1195 1376 1312 1466 (neque
1335 1379 1422 1443 onim

196 1497 197 1502 ’
276 1510 315 1552 ex
346 1485 472 1550 Italicis
504 1483 570 1548 illis
602 1483 835 1548 vetustissimis
872 1482 1039 1568 ingentem
1071 1485 1155 1550 hano
1187 1485 1422 1570 glossematum

277 1595 420 1678 segetem
444 1587 686 1677 descripsimus)
714 1587 785 1654 Per.
808 1589 838 1654 5.
865 1588 912 1673 Π,
935 1589 977 1653 47
1006 1590 1094 1656 alibi.
1140 1591 1244 1668 Quam
1266 1591 1423 1656 immania

276 1703 385 1765 autem
412 1697 475 1763 hoc
503 1696 599 1762 modo
627 1696 805 1780 scripturae
833 1699 980 1760 monstra
1007 1698 1168 1762 exsistant
1189 1697 1350 1764 luculento
1370 1720 1422 1762 ex-

278 1807 385 1892 emplo
410 1808 572 1871 extremus
596 1825 706 1868 versus
728 1801 900 1886 periochae
924 1802 1027 1868 docet.
1068 1803 1158 1881 Quae
1182 1825 1256 1868 oum
1278 1804 1326 1868 ita
1348 1805 1423 1888 sint,

239 1914 357 1997 mquid
390 1915 440 1977 est
471 1910 618 1992 tandem,
647 1931 703 1973 our
735 1907 813 1973 inde
843 1931 863 1973 a
892 1913 1007 1995 quarto
1039 1910 1166 1975 saeculo
1197 1912 1359 1995 corrumpi
1390 1916 1424 1976 et

277 2017 467 2102 interpolari
490 2015 704 2080 Terentianas
732 2015 861 2080 fabulas
885 2017 1045 2101 potuisse,
1079 2039 1145 2083 non
1173 2017 1319 2101 potuisse
1348 2021 1423 2084 anto

278 2127 432 2210 quartum
456 2121 620 2188 saeculum
644 2121 836 2206 opinemur?

366 2229 462 2296 Nunc
489 2232 612 2313 autem,
639 2229 770 2294 tametii
797 2228 891 2294 robis
921 2229 1111 2295 emendandi
1139 2230 1310 2296 materiam
1333 2253 1424 2316 prae-

278 2338 385 2422 ripere
408 2337 571 2420 nolumus,
599 2335 725 2420 aliquot
752 2335 869 2401 saltem
893 2336 1065 2420 exemplis,
1094 2359 1158 2422 qua
1179 2337 1306 2403 ratione
1329 2360 1367 2403 eo
1390 2339 1426 2405 in

278 2445 411 2532 negotio
430 2443 626 2509 versandum
649 2443 699 2526 sit,
723 2443 989 2527 significabimus
1012 2444 1195 2528 promiscue
1213 2444 1255 2508 iis
1274 2445 1424 2528 equoris

279 2572 395 2638 genere
417 2549 539 2634 petitis.
574 2547 749 2613 Periochae
773 2548 837 2615 ub
860 2553 997 2633 apparet
1019 2552 1136 2615 aramis
1158 2551 1425 2635 interpretamen-

278 2661 349 2722 tum
372 2678 443 2722 ease
465 2657 511 2721 rei
533 2655 630 2739 vocis,
654 2659 686 2720 et
700 2655 926 2739 Apollinarem
949 2655 1134 2722 huiusmodi
1153 2655 1306 2741 quiddam
1325 2657 1426 2743 scrip·

279 2769 348 2830 tum
372 2763 555 2848 reliquisse:
577 2763 699 2843 famam
720 2764 767 2828 rei
788 2763 843 2828 Ec
862 2763 963 2844 fratre
987 2765 1022 2828 iu
1043 2784 1106 2830 sese
1128 2763 1338 2844 tansferebat
1361 2764 1426 2830 nisi

280 2871 383 2936 maris
405 2871 461 2936 Ex
482 2871 550 2954 illo,
583 2869 633 2934 vel
657 2869 700 2936 In
722 2891 784 2935 sese
807 2875 843 2934 tr.
867 2890 1003 2950 munem:
1035 2893 1112 2935 nam
1139 2892 1201 2938 sese
1224 2893 1282 2955 pro
1305 2891 1338 2936 se
1360 2893 1426 2935 ser-

280 2976 421 3043 randum
439 2977 631 3042 necessario.
662 2975 794 3062 Prologi
813 2977 875 3041 v.4
894 2978 1048 3062 quoniam
1065 2980 1125 3043 erit
1142 2980 1293 3062 correpta
1310 2977 1427 3042 ultima

280 3087 475 3167 usurpatum
499 3083 715 3148 demonstrari
737 3083 828 3148 nullo
851 3083 947 3148 modo
970 3087 1087 3168 potest,
1109 3084 1144 3149 in
1157 3085 1192 3150 D
1210 3088 1319 3150 autem
1339 3085 1425 3150 aliis·

282 3212 345 3276 que
369 3192 419 3254 cst
440 3191 500 3254 erit
521 3195 562 3274 et,
585 3201 647 3274 quo
672 3192 816 3274 spectare
840 3189 940 3254 etiam
962 3191 1055 3272 erepit
1077 3190 1217 3275 videtur,
1240 3191 1346 3256 deleto
1369 3192 1428 3255 crit

282 3296 473 3381 simpliciter
506 3318 579 3362 cum
610 3295 731 3360 Bothio
763 3299 792 3360 et
823 3294 1041 3361 scribendum:
1079 3297 1168 3361 ouius
1201 3319 1301 3382 opera
1328 3297 1426 3361 etiam

281 3427 311 3469 v.
334 3403 377 3470 53
401 3409 435 3469 et
457 3402 503 3488 II,
526 3404 567 3468 41
597 3410 672 3467 rere
694 3401 844 3498 restituti,
862 3405 945 3468 sunt.
991 3403 1086 3469 Alios
1110 3425 1295 3470 succurrere
1318 3405 1425 3469 versui
1515 3411 1518 3416 '

282 3511 412 3577 sublato
443 3511 529 3576 eritas
560 3509 701 3574 voluisse
733 3507 796 3574 ΒΟ
825 3510 1006 3576 ostendunt
1056 3509 1140 3576 v.5
1172 3512 1227 3576 vix
1259 3513 1310 3574 est
1341 3508 1426 3594 quod

282 3639 471 3684 moneamus
493 3618 566 3682 duci
587 3617 623 3682 id
640 3617 760 3698 factem
782 3621 919 3698 oporteat
942 3618 1146 3683 scribendum
1169 3639 1252 3682 esse:
1283 3616 1317 3682 id
1340 3615 1426 3700 quod

282 3725 337 3791 diu
364 3725 487 3792 factum
518 3725 664 3809 oportuit
694 3746 878 3808 quanquam
907 3729 1022 3790 contra
1051 3725 1166 3790 Faerni
1196 3723 1427 3806 testimonium,

283 3833 369 3918 quod
398 3833 506 3916 ipsum
535 3853 622 3896 nunc
650 3829 769 3894 falsum
799 3851 870 3895 esse
894 3830 1120 3914 comperimus.
1165 3829 1306 3895 Scaenae
1329 3829 1359 3912 l,
1385 3829 1426 3894 15

282 3937 408 4022 pridem
427 3935 569 4001 dubitari
588 3936 743 4001 debuerat
761 3936 800 4000 de
817 3957 930 4001 versus
949 3936 1047 4019 exitu,
1069 3939 1138 4000 tam
1157 3936 1214 4002 illo
1232 3933 1426 4000 inconcinno

283 4047 320 4109 ut
342 4041 424 4112 nihil
448 4063 554 4126 supra.
594 4041 772 4106 Pristinam
795 4042 990 4126 scripturam
1014 4041 1211 4108 aBembino
1235 4041 1282 4107 sic
1304 4041 1426 4106 instau-

283 4172 407 4215 ramus:
438 4153 483 4215 set
501 4148 602 4229 fratre
622 4169 660 4214 ea
680 4169 755 4214 meo.
790 4148 950 4214 Dissimili
968 4150 996 4214 ic
1017 4151 1118 4215 studio
1139 4154 1184 4214 est
1205 4171 1261 4211 —:
1294 4169 1357 4232 qua
1379 4167 1428 4210 ra·

283 4257 374 4322 tione
394 4257 491 4322 simul
510 4256 601 4343 on'go
619 4255 815 4341 perspicitur
831 4256 994 4322 dr'ssimib's
1012 4256 1197 4341 scripturae.
1221 4252 1344 4320 Contra
1361 4273 1428 4319 non

284 4367 335 4429 ast
365 4363 592 4448 dubitandum,
624 4363 703 4450 quin
736 4385 764 4427 v.
788 4363 831 4427 30
862 4363 1042 4429 rectissimo
1075 4385 1110 4428 se
1142 4361 1263 4428 babeat
1288 4361 1428 4439 imm,

284 4471 487 4554 corruptelae
514 4475 623 4536 autem
653 4469 744 4536 sedes
772 4469 831 4534 illa
853 4469 911 4555 sit,
944 4491 1041 4556 quam
1064 4491 1150 4536 nunc
1174 4468 1347 4553 occupavit
1368 4467 1427 4532 im·
