<?xml version="1.0" encoding="UTF-8"?>
<!DOCTYPE html PUBLIC "-//W3C//DTD XHTML 1.0 Transitional//EN"
    "http://www.w3.org/TR/xhtml1/DTD/xhtml1-transitional.dtd">
<html xmlns="http://www.w3.org/1999/xhtml" xml:lang="en" lang="en">
 <head>
  <title>
</title>
<meta http-equiv="Content-Type" content="text/html;charset=utf-8" />
  <meta name='ocr-system' content='tesseract 3.04.00' />
  <meta name='ocr-capabilities' content='ocr_page ocr_carea ocr_par ocr_line ocrx_word'/>
</head>
<body>
  <div class='ocr_page' id='page_1' title='image "./fridericiritsch09wachgoog_0413.png"; bbox 0 0 3302 5106; ppageno 0'>
   <div class='ocr_carea' id='block_1_1' title="bbox 300 391 1025 456">
    <p class='ocr_par' dir='ltr' id='par_1_1' title="bbox 300 391 1025 456">
     <span class='ocr_line' id='line_1_1' title="bbox 300 391 1025 456; baseline 0 0"><span class='ocrx_word' id='word_1_1' title='bbox 300 391 364 456; x_wconf 87' lang='lat'><em>388</em></span> <span class='ocrx_word' id='word_1_2' title='bbox 721 409 768 456; x_wconf 86' lang='lat' dir='ltr'><em>aa</em></span> <span class='ocrx_word' id='word_1_3' title='bbox 792 409 826 455; x_wconf 88' lang='lat' dir='ltr'><em>u.</em></span> <span class='ocrx_word' id='word_1_4' title='bbox 849 409 1025 456; x_wconf 74' lang='lat' dir='ltr'><em>assuerus</em></span> 
     </span>
    </p>
   </div>
   <div class='ocr_carea' id='block_1_2' title="bbox 186 548 1553 4582">
    <p class='ocr_par' dir='ltr' id='par_1_2' title="bbox 186 548 1553 4582">
     <span class='ocr_line' id='line_1_2' title="bbox 299 548 1445 638; baseline 0.001 -24"><span class='ocrx_word' id='word_1_5' title='bbox 299 548 386 632; x_wconf 84' lang='lat' dir='ltr'><em>(tuuc</em></span> <span class='ocrx_word' id='word_1_6' title='bbox 408 549 480 635; x_wconf 88' lang='lat' dir='ltr'><em>Ba.)</em></span> <span class='ocrx_word' id='word_1_7' title='bbox 511 555 539 614; x_wconf 88' lang='lat' dir='ltr'><em>et</em></span> <span class='ocrx_word' id='word_1_8' title='bbox 565 553 627 632; x_wconf 68' lang='lat' dir='ltr'><em>ipa</em></span> <span class='ocrx_word' id='word_1_9' title='bbox 653 571 782 636; x_wconf 73' lang='lat' dir='ltr'><em>umusm,</em></span> <span class='ocrx_word' id='word_1_10' title='bbox 812 553 893 633; x_wconf 78' lang='lat' dir='ltr'><em>quod</em></span> <span class='ocrx_word' id='word_1_11' title='bbox 917 571 1037 632; x_wconf 80' lang='lat' dir='ltr'><em>auuum</em></span> <span class='ocrx_word' id='word_1_12' title='bbox 1063 551 1233 616; x_wconf 81' lang='lat' dir='ltr'><em>metiantur</em></span> <span class='ocrx_word' id='word_1_13' title='bbox 1262 549 1445 638; x_wconf 74' lang='lat' dir='ltr'><em>(metiuntur</em></span> 
     </span>
     <span class='ocr_line' id='line_1_3' title="bbox 299 657 1445 742; baseline 0.002 -22"><span class='ocrx_word' id='word_1_14' title='bbox 299 657 384 742; x_wconf 90' lang='grc' dir='ltr'><strong>Βο.),</strong></span> <span class='ocrx_word' id='word_1_15' title='bbox 415 659 489 722; x_wconf 77' lang='lat' dir='ltr'><em>ouri</em></span> <span class='ocrx_word' id='word_1_16' title='bbox 514 664 596 724; x_wconf 89' lang='lat' dir='ltr'><em>suut.</em></span> <span class='ocrx_word' id='word_1_17' title='bbox 633 680 738 723; x_wconf 85' lang='lat' dir='ltr'><em>oerum</em></span> <span class='ocrx_word' id='word_1_18' title='bbox 761 665 924 740; x_wconf 73' lang='lat' dir='ltr'><em>postquam</em></span> <span class='ocrx_word' id='word_1_19' title='bbox 949 660 1011 723; x_wconf 86' lang='lat' dir='ltr'><em>ista</em></span> <span class='ocrx_word' id='word_1_20' title='bbox 1032 664 1151 740; x_wconf 79' lang='lat' dir='ltr'><em>reperta</em></span> <span class='ocrx_word' id='word_1_21' title='bbox 1173 664 1258 738; x_wconf 86' lang='lat' dir='ltr'><em>suut,</em></span> <span class='ocrx_word' id='word_1_22' title='bbox 1285 661 1445 741; x_wconf 85' lang='lat' dir='ltr'><em>provocati</em></span> 
     </span>
     <span class='ocr_line' id='line_1_4' title="bbox 297 765 1444 848; baseline 0.003 -21"><span class='ocrx_word' id='word_1_23' title='bbox 297 765 427 830; x_wconf 76' lang='lat' dir='ltr'><strong><em>studiosi</em></strong></span> <span class='ocrx_word' id='word_1_24' title='bbox 443 766 487 830; x_wconf 83' lang='lat' dir='ltr'><em>ad</em></span> <span class='ocrx_word' id='word_1_25' title='bbox 503 765 560 832; x_wconf 90' lang='lat' dir='ltr'><em>illo</em></span> <span class='ocrx_word' id='word_1_26' title='bbox 578 766 747 830; x_wconf 79' lang='lat' dir='ltr'><em>inuisibilia</em></span> <span class='ocrx_word' id='word_1_27' title='bbox 764 766 966 848; x_wconf 77' lang='lat' dir='ltr'><em>coyuoscemla</em></span> <span class='ocrx_word' id='word_1_28' title='bbox 983 771 1143 847; x_wconf 69' lang='lat' dir='ltr'><em>comarum</em></span> <span class='ocrx_word' id='word_1_29' title='bbox 1159 786 1311 847; x_wconf 69' lang='lat' dir='ltr'><em>maerere,</em></span> <span class='ocrx_word' id='word_1_30' title='bbox 1329 772 1444 848; x_wconf 79' lang='lat' dir='ltr'><em>qrtouto</em></span> 
     </span>
     <span class='ocr_line' id='line_1_5' title="bbox 296 872 1442 957; baseline 0.003 -23"><span class='ocrx_word' id='word_1_31' title='bbox 296 873 396 952; x_wconf 83' lang='lat' dir='ltr'><em>spatio</em></span> <span class='ocrx_word' id='word_1_32' title='bbox 419 893 439 934; x_wconf 93' lang='lat' dir='ltr'><em>a</em></span> <span class='ocrx_word' id='word_1_33' title='bbox 463 877 546 936; x_wconf 83' lang='lat' dir='ltr'><em>terro</em></span> <span class='ocrx_word' id='word_1_34' title='bbox 569 873 658 957; x_wconf 87' lang='lat' dir='ltr'><em>luuo,</em></span> <span class='ocrx_word' id='word_1_35' title='bbox 685 893 706 936; x_wconf 90' lang='lat' dir='ltr'><em>a</em></span> <span class='ocrx_word' id='word_1_36' title='bbox 729 873 805 938; x_wconf 75' lang='lat' dir='ltr'><em>litua</em></span> <span class='ocrx_word' id='word_1_37' title='bbox 827 873 873 937; x_wconf 86' lang='lat' dir='ltr'><em>sol</em></span> <span class='ocrx_word' id='word_1_38' title='bbox 895 873 960 953; x_wconf 89' lang='lat' dir='ltr'><em>ipse</em></span> <span class='ocrx_word' id='word_1_39' title='bbox 981 872 1122 956; x_wconf 78' lang='lat' dir='ltr'><em>distaret,</em></span> <span class='ocrx_word' id='word_1_40' title='bbox 1149 877 1178 936; x_wconf 86' lang='lat' dir='ltr'><em>et</em></span> <span class='ocrx_word' id='word_1_41' title='bbox 1199 893 1294 954; x_wconf 78' lang='lat' dir='ltr'><em>usquc</em></span> <span class='ocrx_word' id='word_1_42' title='bbox 1315 873 1358 936; x_wconf 91' lang='lat' dir='ltr'><em>ad</em></span> <span class='ocrx_word' id='word_1_43' title='bbox 1378 893 1442 938; x_wconf 86' lang='lat' dir='ltr'><em>ocr-</em></span> 
     </span>
     <span class='ocr_line' id='line_1_6' title="bbox 186 979 1441 1062; baseline 0.006 -23"><span class='ocrx_word' id='word_1_44' title='bbox 186 1009 193 1026; x_wconf 93' lang='lat'><strong>·</strong></span> <span class='ocrx_word' id='word_1_45' title='bbox 298 979 383 1042; x_wconf 90' lang='lat' dir='ltr'><em>ticcm</em></span> <span class='ocrx_word' id='word_1_46' title='bbox 415 979 491 1042; x_wconf 85' lang='lat' dir='ltr'><em>cocti</em></span> <span class='ocrx_word' id='word_1_47' title='bbox 520 984 639 1062; x_wconf 74' lang='lat' dir='ltr'><em>qroanta</em></span> <span class='ocrx_word' id='word_1_48' title='bbox 670 999 701 1044; x_wconf 84' lang='lat' dir='ltr'><em>sc</em></span> <span class='ocrx_word' id='word_1_49' title='bbox 732 1000 877 1044; x_wconf 79' lang='lat' dir='ltr'><em>mensura</em></span> <span class='ocrx_word' id='word_1_50' title='bbox 903 980 1098 1043; x_wconf 71' lang='lat' dir='ltr'><em>distenderet:</em></span> <span class='ocrx_word' id='word_1_51' title='bbox 1130 980 1213 1059; x_wconf 83' lang='lat' dir='ltr'><em>quod</em></span> <span class='ocrx_word' id='word_1_52' title='bbox 1238 981 1441 1061; x_wconf 85' lang='lat' dir='ltr'><em>peritissimos</em></span> 
     </span>
     <span class='ocr_line' id='line_1_7' title="bbox 294 1084 1444 1171; baseline 0.002 -21"><span class='ocrx_word' id='word_1_53' title='bbox 294 1090 462 1167; x_wconf 75' lang='lat' dir='ltr'><em>pcouwtras</em></span> <span class='ocrx_word' id='word_1_54' title='bbox 492 1091 642 1151; x_wconf 78' lang='lat' dir='ltr'><em>assocmm</em></span> <span class='ocrx_word' id='word_1_55' title='bbox 672 1107 733 1151; x_wconf 86' lang='lat' dir='ltr'><em>esse</em></span> <span class='ocrx_word' id='word_1_56' title='bbox 765 1091 981 1151; x_wconf 81' lang='lat' dir='ltr'><em>commuuorat</em></span> <span class='ocrx_word' id='word_1_57' title='bbox 1012 1084 1130 1171; x_wconf 81' lang='lat' dir='ltr'><em>(ouum</em></span> <span class='ocrx_word' id='word_1_58' title='bbox 1163 1121 1198 1131; x_wconf 89' lang='lat'>—</span> <span class='ocrx_word' id='word_1_59' title='bbox 1228 1092 1444 1152; x_wconf 83' lang='lat' dir='ltr'><em>coucmomorat</em></span> 
     </span>
     <span class='ocr_line' id='line_1_8' title="bbox 298 1189 1441 1278; baseline 0.005 -24"><span class='ocrx_word' id='word_1_60' title='bbox 298 1213 359 1254; x_wconf 88' lang='lat' dir='ltr'><em>om.</em></span> <span class='ocrx_word' id='word_1_61' title='bbox 383 1189 464 1277; x_wconf 86' lang='grc' dir='ltr'>Βο.).</span> <span class='ocrx_word' id='word_1_62' title='bbox 487 1197 558 1257; x_wconf 89' lang='lat' dir='ltr'><em>tuuc</em></span> <span class='ocrx_word' id='word_1_63' title='bbox 580 1199 608 1257; x_wconf 87' lang='lat' dir='ltr'><em>et</em></span> <span class='ocrx_word' id='word_1_64' title='bbox 630 1194 848 1258; x_wconf 80' lang='lat' dir='ltr'><em>dtumrsiouem</em></span> <span class='ocrx_word' id='word_1_65' title='bbox 871 1193 952 1257; x_wconf 80' lang='lat' dir='ltr'><em>orbis</em></span> <span class='ocrx_word' id='word_1_66' title='bbox 975 1197 1073 1256; x_wconf 80' lang='lat' dir='ltr'><em>terrae</em></span> <span class='ocrx_word' id='word_1_67' title='bbox 1095 1190 1183 1278; x_wconf 81' lang='lat' dir='ltr'><em>(dim.</em></span> <span class='ocrx_word' id='word_1_68' title='bbox 1205 1195 1364 1260; x_wconf 78' lang='lat' dir='ltr'><em>universae</em></span> <span class='ocrx_word' id='word_1_69' title='bbox 1386 1200 1441 1259; x_wconf 85' lang='lat' dir='ltr'><em>ter-</em></span> 
     </span>
     <span class='ocr_line' id='line_1_9' title="bbox 296 1296 1441 1386; baseline 0.004 -25"><span class='ocrx_word' id='word_1_70' title='bbox 296 1317 351 1362; x_wconf 85' lang='lat' dir='ltr'><em>rac</em></span> <span class='ocrx_word' id='word_1_71' title='bbox 374 1296 476 1385; x_wconf 82' lang='lat' dir='ltr'><em>Cass.)</em></span> <span class='ocrx_word' id='word_1_72' title='bbox 494 1300 649 1382; x_wconf 79' lang='lat' dir='ltr'><strong><em>probabili</em></strong></span> <span class='ocrx_word' id='word_1_73' title='bbox 671 1300 764 1381; x_wconf 75' lang='lat' dir='ltr'><em>rcfert</em></span> <span class='ocrx_word' id='word_1_74' title='bbox 784 1301 904 1364; x_wconf 86' lang='lat' dir='ltr'><em>ratiouc</em></span> <span class='ocrx_word' id='word_1_75' title='bbox 925 1300 1094 1364; x_wconf 79' lang='lat' dir='ltr'><em>collectam:</em></span> <span class='ocrx_word' id='word_1_76' title='bbox 1124 1301 1246 1380; x_wconf 81' lang='lat' dir='ltr'><em>ideoque</em></span> <span class='ocrx_word' id='word_1_77' title='bbox 1268 1300 1347 1386; x_wconf 83' lang='lat' dir='ltr'><em>(ideo</em></span> <span class='ocrx_word' id='word_1_78' title='bbox 1369 1299 1441 1384; x_wconf 90' lang='grc' dir='ltr'>Βο.)</span> 
     </span>
     <span class='ocr_line' id='line_1_10' title="bbox 294 1405 1443 1490; baseline 0.003 -21"><span class='ocrx_word' id='word_1_79' title='bbox 294 1405 412 1486; x_wconf 78' lang='lat' dir='ltr'><em>factruu</em></span> <span class='ocrx_word' id='word_1_80' title='bbox 441 1412 485 1472; x_wconf 87' lang='lat' dir='ltr'><em>cst</em></span> <span class='ocrx_word' id='word_1_81' title='bbox 506 1413 542 1472; x_wconf 90' lang='lat' dir='ltr'><em>ut</em></span> <span class='ocrx_word' id='word_1_82' title='bbox 563 1409 728 1490; x_wconf 74' lang='lat' dir='ltr'><em>disciplima</em></span> <span class='ocrx_word' id='word_1_83' title='bbox 751 1410 820 1490; x_wconf 78' lang='lat' dir='ltr'><em>ipsa</em></span> <span class='ocrx_word' id='word_1_84' title='bbox 839 1409 1021 1490; x_wconf 77' lang='lat' dir='ltr'><em>peoruetrtaa</em></span> <span class='ocrx_word' id='word_1_85' title='bbox 1042 1427 1152 1470; x_wconf 80' lang='lat' dir='ltr'><em>uoureu</em></span> <span class='ocrx_word' id='word_1_86' title='bbox 1175 1409 1334 1489; x_wconf 81' lang='lat' dir='ltr'><em>acceperet,</em></span> <span class='ocrx_word' id='word_1_87' title='bbox 1360 1410 1443 1489; x_wconf 65' lang='lat' dir='ltr'><em>meod</em></span> 
     </span>
     <span class='ocr_line' id='line_1_11' title="bbox 290 1511 1439 1601; baseline 0 -23"><span class='ocrx_word' id='word_1_88' title='bbox 290 1533 349 1593; x_wconf 85' lang='lat' dir='ltr'><em>per</em></span> <span class='ocrx_word' id='word_1_89' title='bbox 371 1515 493 1578; x_wconf 77' lang='lat' dir='ltr'><em>merula</em></span> <span class='ocrx_word' id='word_1_90' title='bbox 516 1515 606 1596; x_wconf 77' lang='lat' dir='ltr'><em>lorrpo</em></span> <span class='ocrx_word' id='word_1_91' title='bbox 629 1516 758 1580; x_wconf 76' lang='lat' dir='ltr'><em>custodit</em></span> <span class='ocrx_word' id='word_1_92' title='bbox 780 1514 944 1601; x_wconf 82' lang='lat' dir='ltr'><em>(constaret</em></span> <span class='ocrx_word' id='word_1_93' title='bbox 964 1511 1046 1595; x_wconf 87' lang='grc' dir='ltr'>Βο.).</span> <span class='ocrx_word' id='word_1_94' title='bbox 1083 1513 1240 1577; x_wconf 79' lang='lat' dir='ltr'><em>Varronis</em></span> <span class='ocrx_word' id='word_1_95' title='bbox 1264 1515 1365 1599; x_wconf 86' lang='lat' dir='ltr'><em>igitur</em></span> <span class='ocrx_word' id='word_1_96' title='bbox 1388 1537 1439 1578; x_wconf 88' lang='lat' dir='ltr'><em>ex·</em></span> 
     </span>
     <span class='ocr_line' id='line_1_12' title="bbox 296 1619 1439 1704; baseline 0.003 -23"><span class='ocrx_word' id='word_1_97' title='bbox 296 1619 436 1701; x_wconf 89' lang='lat' dir='ltr'><em>emplum</em></span> <span class='ocrx_word' id='word_1_98' title='bbox 459 1619 643 1685; x_wconf 82' lang='lat' dir='ltr'><em>Marcianus</em></span> <span class='ocrx_word' id='word_1_99' title='bbox 667 1621 813 1685; x_wconf 88' lang='lat' dir='ltr'><em>imitatus</em></span> <span class='ocrx_word' id='word_1_100' title='bbox 837 1640 902 1685; x_wconf 91' lang='lat' dir='ltr'><em>uon</em></span> <span class='ocrx_word' id='word_1_101' title='bbox 923 1623 1051 1684; x_wconf 89' lang='lat' dir='ltr'><em>tantum</em></span> <span class='ocrx_word' id='word_1_102' title='bbox 1073 1619 1154 1684; x_wconf 86' lang='lat' dir='ltr'><em>haee</em></span> <span class='ocrx_word' id='word_1_103' title='bbox 1177 1621 1439 1704; x_wconf 79' lang='lat' dir='ltr'><em>pronuntiantem</em></span> 
     </span>
     <span class='ocr_line' id='line_1_13' title="bbox 294 1724 1439 1812; baseline 0.003 -24"><span class='ocrx_word' id='word_1_104' title='bbox 294 1724 374 1790; x_wconf 86' lang='lat' dir='ltr'><em>facit</em></span> <span class='ocrx_word' id='word_1_105' title='bbox 393 1724 612 1792; x_wconf 83' lang='lat' dir='ltr'><em>Geometriam</em></span> <span class='ocrx_word' id='word_1_106' title='bbox 629 1728 675 1793; x_wconf 91' lang='lat' dir='ltr'><em>VI</em></span> <span class='ocrx_word' id='word_1_107' title='bbox 695 1751 724 1812; x_wconf 92' lang='lat' dir='ltr'><em>p.</em></span> <span class='ocrx_word' id='word_1_108' title='bbox 743 1728 817 1793; x_wconf 83' lang='lat'>192:</span> <span class='ocrx_word' id='word_1_109' title='bbox 842 1727 1017 1792; x_wconf 81' lang='lat' dir='ltr'><em>Georrrctria</em></span> <span class='ocrx_word' id='word_1_110' title='bbox 1038 1728 1132 1803; x_wconf 72' lang='lat' dir='ltr'><em>dicor,</em></span> <span class='ocrx_word' id='word_1_111' title='bbox 1154 1729 1236 1807; x_wconf 80' lang='lat' dir='ltr'><em>quod</em></span> <span class='ocrx_word' id='word_1_112' title='bbox 1249 1733 1439 1808; x_wconf 87' lang='lat' dir='ltr'><em>permeatam</em></span> 
     </span>
     <span class='ocr_line' id='line_1_14' title="bbox 294 1833 1439 1918; baseline 0.003 -23"><span class='ocrx_word' id='word_1_113' title='bbox 294 1833 395 1897; x_wconf 87' lang='lat' dir='ltr'><em>crebro</em></span> <span class='ocrx_word' id='word_1_114' title='bbox 426 1835 664 1916; x_wconf 75' lang='lat' dir='ltr'><em>adrueusomquc</em></span> <span class='ocrx_word' id='word_1_115' title='bbox 694 1835 831 1900; x_wconf 80' lang='lat' dir='ltr'><em>tcllrrreru</em></span> <span class='ocrx_word' id='word_1_116' title='bbox 860 1836 982 1916; x_wconf 79' lang='lat' dir='ltr'><em>cirrsqm</em></span> <span class='ocrx_word' id='word_1_117' title='bbox 1008 1836 1155 1916; x_wconf 68' lang='lat' dir='ltr'><em>byrrum,</em></span> <span class='ocrx_word' id='word_1_118' title='bbox 1188 1835 1439 1918; x_wconf 62' lang='lat' dir='ltr'><em>manuductionem,</em></span> 
     </span>
     <span class='ocr_line' id='line_1_15' title="bbox 295 1937 1438 2022; baseline 0.003 -21"><span class='ocrx_word' id='word_1_119' title='bbox 295 1937 405 2020; x_wconf 87' lang='lat' dir='ltr'><em>locum,</em></span> <span class='ocrx_word' id='word_1_120' title='bbox 432 1946 539 2021; x_wconf 69' lang='lat' dir='ltr'><em>partes</em></span> <span class='ocrx_word' id='word_1_121' title='bbox 565 1947 594 2005; x_wconf 88' lang='lat' dir='ltr'><em>ct</em></span> <span class='ocrx_word' id='word_1_122' title='bbox 623 1943 726 2006; x_wconf 87' lang='lat' dir='ltr'><em>stadio</em></span> <span class='ocrx_word' id='word_1_123' title='bbox 748 1943 866 2022; x_wconf 87' lang='lat' dir='ltr'><em>possim</em></span> <span class='ocrx_word' id='word_1_124' title='bbox 893 1963 963 2005; x_wconf 79' lang='lat' dir='ltr'><em>curru</em></span> <span class='ocrx_word' id='word_1_125' title='bbox 989 1943 1056 2005; x_wconf 88' lang='lat' dir='ltr'><em>suis</em></span> <span class='ocrx_word' id='word_1_126' title='bbox 1085 1941 1258 2004; x_wconf 82' lang='lat' dir='ltr'><em>rationibus</em></span> <span class='ocrx_word' id='word_1_127' title='bbox 1280 1941 1438 2022; x_wconf 77' lang='lat' dir='ltr'><em>auplicarc,</em></span> 
     </span>
     <span class='ocr_line' id='line_1_16' title="bbox 293 2046 1438 2128; baseline 0.004 -20"><span class='ocrx_word' id='word_1_128' title='bbox 293 2066 387 2126; x_wconf 78' lang='lat' dir='ltr'><em>usquc</em></span> <span class='ocrx_word' id='word_1_129' title='bbox 414 2046 480 2108; x_wconf 91' lang='lat' dir='ltr'><em>ullo</em></span> <span class='ocrx_word' id='word_1_130' title='bbox 511 2048 553 2110; x_wconf 87' lang='lat' dir='ltr'><em>sit</em></span> <span class='ocrx_word' id='word_1_131' title='bbox 579 2048 614 2110; x_wconf 87' lang='lat' dir='ltr'><em>iu</em></span> <span class='ocrx_word' id='word_1_132' title='bbox 642 2048 734 2110; x_wconf 85' lang='lat' dir='ltr'><em>totius</em></span> <span class='ocrx_word' id='word_1_133' title='bbox 761 2053 859 2111; x_wconf 85' lang='lat' dir='ltr'><em>terrae</em></span> <span class='ocrx_word' id='word_1_134' title='bbox 885 2048 1058 2112; x_wconf 74' lang='lat' dir='ltr'><em>diversitate</em></span> <span class='ocrx_word' id='word_1_135' title='bbox 1078 2049 1223 2128; x_wconf 80' lang='lat' dir='ltr'><em>partitio,</em></span> <span class='ocrx_word' id='word_1_136' title='bbox 1254 2067 1348 2128; x_wconf 81' lang='lat' dir='ltr'><em>quam</em></span> <span class='ocrx_word' id='word_1_137' title='bbox 1375 2069 1438 2113; x_wconf 88' lang='lat' dir='ltr'><em>uou</em></span> 
     </span>
     <span class='ocr_line' id='line_1_17' title="bbox 294 2135 1436 2239; baseline 0.004 -24"><span class='ocrx_word' id='word_1_138' title='bbox 294 2154 436 2218; x_wconf 73' lang='lat' dir='ltr'><em>amarioris</em></span> <span class='ocrx_word' id='word_1_139' title='bbox 462 2173 554 2217; x_wconf 82' lang='lat' dir='ltr'><em>cursu</em></span> <span class='ocrx_word' id='word_1_140' title='bbox 576 2153 787 2235; x_wconf 70' lang='lat' dir='ltr'><em>dmmmtiouls</em></span> <span class='ocrx_word' id='word_1_141' title='bbox 808 2154 979 2218; x_wconf 85' lang='lat' dir='ltr'><em>absolvam:</em></span> <span class='ocrx_word' id='word_1_142' title='bbox 1008 2152 1063 2217; x_wconf 90' lang='lat' dir='ltr'><em>sed</em></span> <span class='ocrx_word' id='word_1_143' title='bbox 1087 2153 1122 2216; x_wconf 92' lang='lat' dir='ltr'><em>in</em></span> <span class='ocrx_word' id='word_1_144' title='bbox 1143 2154 1215 2237; x_wconf 89' lang='lat' dir='ltr'><em>ipsa</em></span> <span class='ocrx_word' id='word_1_145' title='bbox 1237 2135 1436 2239; x_wconf 80' lang='lat' dir='ltr'><em>geometriae</em></span> 
     </span>
     <span class='ocr_line' id='line_1_18' title="bbox 294 2259 1437 2346; baseline 0.003 -23"><span class='ocrx_word' id='word_1_146' title='bbox 294 2259 499 2324; x_wconf 80' lang='lat' dir='ltr'><em>enarratione</em></span> <span class='ocrx_word' id='word_1_147' title='bbox 522 2259 570 2323; x_wconf 89' lang='lat' dir='ltr'><em>ita</em></span> <span class='ocrx_word' id='word_1_148' title='bbox 593 2263 749 2339; x_wconf 86' lang='lat' dir='ltr'><em>versatur,</em></span> <span class='ocrx_word' id='word_1_149' title='bbox 772 2263 809 2324; x_wconf 92' lang='lat' dir='ltr'><em>ut</em></span> <span class='ocrx_word' id='word_1_150' title='bbox 832 2281 851 2323; x_wconf 89' lang='lat' dir='ltr'><em>a</em></span> <span class='ocrx_word' id='word_1_151' title='bbox 873 2281 904 2342; x_wconf 89' lang='lat' dir='ltr'><em>p.</em></span> <span class='ocrx_word' id='word_1_152' title='bbox 921 2259 985 2323; x_wconf 80' lang='lat'><em>192</em></span> <span class='ocrx_word' id='word_1_153' title='bbox 1004 2259 1044 2322; x_wconf 84' lang='lat' dir='ltr'><em>ad</em></span> <span class='ocrx_word' id='word_1_154' title='bbox 1064 2260 1128 2323; x_wconf 78' lang='lat'><em>227</em></span> <span class='ocrx_word' id='word_1_155' title='bbox 1153 2261 1437 2346; x_wconf 84' lang='lat' dir='ltr'><em>geographicas</em></span> 
     </span>
     <span class='ocr_line' id='line_1_19' title="bbox 293 2366 1436 2450; baseline 0.002 -20"><span class='ocrx_word' id='word_1_156' title='bbox 293 2366 437 2431; x_wconf 90' lang='lat' dir='ltr'><em>rationes</em></span> <span class='ocrx_word' id='word_1_157' title='bbox 461 2367 601 2432; x_wconf 87' lang='lat' dir='ltr'><em>universi</em></span> <span class='ocrx_word' id='word_1_158' title='bbox 621 2367 708 2432; x_wconf 88' lang='lat' dir='ltr'><em>orbis</em></span> <span class='ocrx_word' id='word_1_159' title='bbox 728 2370 887 2432; x_wconf 88' lang='lat' dir='ltr'><em>terrarum</em></span> <span class='ocrx_word' id='word_1_160' title='bbox 906 2369 1128 2450; x_wconf 87' lang='lat' dir='ltr'><em>persequatur,</em></span> <span class='ocrx_word' id='word_1_161' title='bbox 1152 2386 1189 2429; x_wconf 89' lang='lat' dir='ltr'><em>ac</em></span> <span class='ocrx_word' id='word_1_162' title='bbox 1208 2371 1278 2430; x_wconf 90' lang='lat' dir='ltr'><em>tum</em></span> <span class='ocrx_word' id='word_1_163' title='bbox 1297 2367 1436 2450; x_wconf 88' lang='lat' dir='ltr'><em>demum,</em></span> 
     </span>
     <span class='ocr_line' id='line_1_20' title="bbox 292 2473 1475 2556; baseline 0.001 -20"><span class='ocrx_word' id='word_1_164' title='bbox 292 2475 430 2555; x_wconf 73' lang='lat' dir='ltr'><em>exposita</em></span> <span class='ocrx_word' id='word_1_165' title='bbox 453 2479 551 2538; x_wconf 86' lang='lat' dir='ltr'><em>terroe</em></span> <span class='ocrx_word' id='word_1_166' title='bbox 573 2495 796 2556; x_wconf 69' lang='lat' dir='ltr'><em>aequanimam</em></span> <span class='ocrx_word' id='word_1_167' title='bbox 818 2495 971 2552; x_wconf 79' lang='lat' dir='ltr'><em>uzeusitro,</em></span> <span class='ocrx_word' id='word_1_168' title='bbox 994 2473 1038 2538; x_wconf 92' lang='lat' dir='ltr'><em>ad</em></span> <span class='ocrx_word' id='word_1_169' title='bbox 1054 2474 1133 2538; x_wconf 86' lang='lat' dir='ltr'><em>artis</em></span> <span class='ocrx_word' id='word_1_170' title='bbox 1145 2477 1308 2555; x_wconf 78' lang='lat' dir='ltr'><em>praecepta</em></span> <span class='ocrx_word' id='word_1_171' title='bbox 1325 2475 1436 2555; x_wconf 87' lang='lat' dir='ltr'><em>oeuiat,</em></span> <span class='ocrx_word' id='word_1_172' title='bbox 1470 2515 1475 2522; x_wconf 89' lang='lat'><strong>·</strong></span> 
     </span>
     <span class='ocr_line' id='line_1_21' title="bbox 293 2577 1437 2664; baseline 0.002 -22"><span class='ocrx_word' id='word_1_173' title='bbox 293 2583 329 2642; x_wconf 88' lang='lat' dir='ltr'><em>ut</em></span> <span class='ocrx_word' id='word_1_174' title='bbox 351 2580 420 2662; x_wconf 86' lang='lat' dir='ltr'><em>ipse</em></span> <span class='ocrx_word' id='word_1_175' title='bbox 444 2580 490 2643; x_wconf 90' lang='lat' dir='ltr'><em>ait</em></span> <span class='ocrx_word' id='word_1_176' title='bbox 513 2603 543 2664; x_wconf 90' lang='lat' dir='ltr'><em>p.</em></span> <span class='ocrx_word' id='word_1_177' title='bbox 558 2581 621 2644; x_wconf 77' lang='lat'><em>227</em></span> <span class='ocrx_word' id='word_1_178' title='bbox 646 2577 732 2664; x_wconf 87' lang='lat' dir='ltr'><em>(coll.</em></span> <span class='ocrx_word' id='word_1_179' title='bbox 755 2602 784 2662; x_wconf 93' lang='lat' dir='ltr'><em>p.</em></span> <span class='ocrx_word' id='word_1_180' title='bbox 812 2581 887 2644; x_wconf 78' lang='lat'><strong>192:</strong></span> <span class='ocrx_word' id='word_1_181' title='bbox 919 2601 956 2644; x_wconf 92' lang='lat' dir='ltr'><em>ac</em></span> <span class='ocrx_word' id='word_1_182' title='bbox 982 2581 1103 2644; x_wconf 75' lang='lat' dir='ltr'><em>ocum</em></span> <span class='ocrx_word' id='word_1_183' title='bbox 1131 2583 1228 2644; x_wconf 84' lang='lat' dir='ltr'><em>celera</em></span> <span class='ocrx_word' id='word_1_184' title='bbox 1254 2581 1437 2644; x_wconf 78' lang='lat' dir='ltr'><em>astruendae</em></span> 
     </span>
     <span class='ocr_line' id='line_1_22' title="bbox 286 2683 1437 2770; baseline 0.001 -21"><span class='ocrx_word' id='word_1_185' title='bbox 286 2691 449 2768; x_wconf 87' lang='lat' dir='ltr'><em>praecepta</em></span> <span class='ocrx_word' id='word_1_186' title='bbox 478 2688 558 2750; x_wconf 86' lang='lat' dir='ltr'><em>artis</em></span> <span class='ocrx_word' id='word_1_187' title='bbox 586 2683 733 2770; x_wconf 83' lang='lat' dir='ltr'><em>aperire),</em></span> <span class='ocrx_word' id='word_1_188' title='bbox 763 2685 793 2750; x_wconf 90' lang='lat' dir='ltr'><em>h.</em></span> <span class='ocrx_word' id='word_1_189' title='bbox 817 2708 843 2749; x_wconf 90' lang='lat' dir='ltr'><em>e.</em></span> <span class='ocrx_word' id='word_1_190' title='bbox 871 2686 911 2749; x_wconf 90' lang='lat' dir='ltr'><em>ad</em></span> <span class='ocrx_word' id='word_1_191' title='bbox 940 2687 1095 2751; x_wconf 89' lang='lat' dir='ltr'><em>linearum</em></span> <span class='ocrx_word' id='word_1_192' title='bbox 1119 2685 1359 2770; x_wconf 87' lang='lat' dir='ltr'><em>figurarumque</em></span> <span class='ocrx_word' id='word_1_193' title='bbox 1383 2685 1437 2750; x_wconf 88' lang='lat' dir='ltr'><em>de·</em></span> 
     </span>
     <span class='ocr_line' id='line_1_23' title="bbox 292 2792 1436 2878; baseline -0.001 -21"><span class='ocrx_word' id='word_1_194' title='bbox 292 2793 465 2858; x_wconf 85' lang='lat' dir='ltr'><em>finitiones.</em></span> <span class='ocrx_word' id='word_1_195' title='bbox 511 2793 714 2878; x_wconf 80' lang='lat' dir='ltr'><em>Quamquam</em></span> <span class='ocrx_word' id='word_1_196' title='bbox 739 2793 824 2878; x_wconf 91' lang='lat' dir='ltr'><em>quod</em></span> <span class='ocrx_word' id='word_1_197' title='bbox 848 2793 881 2856; x_wconf 93' lang='lat' dir='ltr'><em>in</em></span> <span class='ocrx_word' id='word_1_198' title='bbox 904 2793 1012 2876; x_wconf 88' lang='lat' dir='ltr'><em>priore</em></span> <span class='ocrx_word' id='word_1_199' title='bbox 1035 2795 1126 2875; x_wconf 87' lang='lat' dir='ltr'><em>parte</em></span> <span class='ocrx_word' id='word_1_200' title='bbox 1150 2792 1201 2856; x_wconf 89' lang='lat' dir='ltr'><em>bis</em></span> <span class='ocrx_word' id='word_1_201' title='bbox 1225 2792 1325 2876; x_wconf 89' lang='lat' dir='ltr'><em>ipsius</em></span> <span class='ocrx_word' id='word_1_202' title='bbox 1349 2813 1436 2856; x_wconf 92' lang='lat' dir='ltr'><em>men·</em></span> 
     </span>
     <span class='ocr_line' id='line_1_24' title="bbox 291 2897 1435 2984; baseline 0 -21"><span class='ocrx_word' id='word_1_203' title='bbox 291 2901 413 2964; x_wconf 88' lang='lat' dir='ltr'><em>tionem</em></span> <span class='ocrx_word' id='word_1_204' title='bbox 437 2899 594 2966; x_wconf 85' lang='lat' dir='ltr'><em>Varronis</em></span> <span class='ocrx_word' id='word_1_205' title='bbox 617 2900 695 2965; x_wconf 89' lang='lat' dir='ltr'><em>feeit</em></span> <span class='ocrx_word' id='word_1_206' title='bbox 717 2923 749 2984; x_wconf 89' lang='lat' dir='ltr'><em>p.</em></span> <span class='ocrx_word' id='word_1_207' title='bbox 767 2900 840 2964; x_wconf 82' lang='lat'><strong>205.</strong></span> <span class='ocrx_word' id='word_1_208' title='bbox 864 2900 938 2982; x_wconf 80' lang='grc'><strong>214,</strong></span> <span class='ocrx_word' id='word_1_209' title='bbox 961 2899 993 2962; x_wconf 87' lang='lat' dir='ltr'><em>id</em></span> <span class='ocrx_word' id='word_1_210' title='bbox 1017 2898 1139 2961; x_wconf 89' lang='lat' dir='ltr'><em>nullam</em></span> <span class='ocrx_word' id='word_1_211' title='bbox 1161 2897 1223 2962; x_wconf 88' lang='lat' dir='ltr'><em>hue</em></span> <span class='ocrx_word' id='word_1_212' title='bbox 1246 2899 1312 2962; x_wconf 80' lang='lat' dir='ltr'><em>vim</em></span> <span class='ocrx_word' id='word_1_213' title='bbox 1336 2897 1435 2963; x_wconf 88' lang='lat' dir='ltr'><em>habet</em></span> 
     </span>
     <span class='ocr_line' id='line_1_25' title="bbox 269 3003 1435 3092; baseline -0.001 -22"><span class='ocrx_word' id='word_1_214' title='bbox 269 3009 464 3089; x_wconf 82' lang='lat' dir='ltr'><em>¹propterea</em></span> <span class='ocrx_word' id='word_1_215' title='bbox 494 3007 579 3092; x_wconf 90' lang='lat' dir='ltr'><em>quod</em></span> <span class='ocrx_word' id='word_1_216' title='bbox 607 3011 640 3070; x_wconf 89' lang='lat' dir='ltr'><em>et</em></span> <span class='ocrx_word' id='word_1_217' title='bbox 667 3007 746 3071; x_wconf 85' lang='lat' dir='ltr'><em>haee</em></span> <span class='ocrx_word' id='word_1_218' title='bbox 774 3007 837 3071; x_wconf 92' lang='lat' dir='ltr'><em>duo</em></span> <span class='ocrx_word' id='word_1_219' title='bbox 865 3005 1051 3070; x_wconf 85' lang='lat' dir='ltr'><em>testimonia</em></span> <span class='ocrx_word' id='word_1_220' title='bbox 1082 3008 1114 3067; x_wconf 89' lang='lat' dir='ltr'><em>et</em></span> <span class='ocrx_word' id='word_1_221' title='bbox 1136 3003 1354 3089; x_wconf 85' lang='lat' dir='ltr'><em>geographica</em></span> <span class='ocrx_word' id='word_1_222' title='bbox 1377 3027 1435 3069; x_wconf 90' lang='lat' dir='ltr'><em>sua</em></span> 
     </span>
     <span class='ocr_line' id='line_1_26' title="bbox 291 3109 1434 3197; baseline -0.002 -21"><span class='ocrx_word' id='word_1_223' title='bbox 291 3116 418 3176; x_wconf 86' lang='lat' dir='ltr'><em>tantum</em></span> <span class='ocrx_word' id='word_1_224' title='bbox 444 3136 510 3178; x_wconf 90' lang='lat' dir='ltr'><em>non</em></span> <span class='ocrx_word' id='word_1_225' title='bbox 538 3115 647 3179; x_wconf 87' lang='lat' dir='ltr'><em>omnia</em></span> <span class='ocrx_word' id='word_1_226' title='bbox 674 3113 779 3179; x_wconf 93' lang='lat' dir='ltr'><em>Plinio</em></span> <span class='ocrx_word' id='word_1_227' title='bbox 808 3114 924 3178; x_wconf 88' lang='lat' dir='ltr'><em>maiori</em></span> <span class='ocrx_word' id='word_1_228' title='bbox 952 3109 1017 3197; x_wconf 87' lang='lat' dir='ltr'><em>(vel</em></span> <span class='ocrx_word' id='word_1_229' title='bbox 1048 3109 1174 3196; x_wconf 83' lang='lat' dir='ltr'><em>Selino)</em></span> <span class='ocrx_word' id='word_1_230' title='bbox 1203 3111 1312 3194; x_wconf 86' lang='lat' dir='ltr'><em>debet,</em></span> <span class='ocrx_word' id='word_1_231' title='bbox 1343 3111 1434 3174; x_wconf 90' lang='lat' dir='ltr'><em>cuius</em></span> 
     </span>
     <span class='ocr_line' id='line_1_27' title="bbox 291 3215 1509 3306; baseline -0.002 -24"><span class='ocrx_word' id='word_1_232' title='bbox 291 3217 363 3283; x_wconf 84' lang='lat' dir='ltr'><em>vide</em></span> <span class='ocrx_word' id='word_1_233' title='bbox 386 3218 449 3303; x_wconf 92' lang='grc' dir='ltr'><strong>ΙΙΙ,</strong></span> <span class='ocrx_word' id='word_1_234' title='bbox 472 3221 506 3304; x_wconf 83' lang='grc'><em>5,</em></span> <span class='ocrx_word' id='word_1_235' title='bbox 530 3220 593 3306; x_wconf 88' lang='grc'><strong>(6),</strong></span> <span class='ocrx_word' id='word_1_236' title='bbox 616 3221 660 3286; x_wconf 83' lang='grc'><em>45</em></span> <span class='ocrx_word' id='word_1_237' title='bbox 684 3225 717 3284; x_wconf 90' lang='lat' dir='ltr'><em>et</em></span> <span class='ocrx_word' id='word_1_238' title='bbox 739 3219 795 3302; x_wconf 88' lang='lat' dir='ltr'><em>IV,</em></span> <span class='ocrx_word' id='word_1_239' title='bbox 822 3221 876 3302; x_wconf 82' lang='lat'><em>12,</em></span> <span class='ocrx_word' id='word_1_240' title='bbox 900 3215 982 3304; x_wconf 80' lang='lat'>(24),</span> <span class='ocrx_word' id='word_1_241' title='bbox 1006 3219 1058 3283; x_wconf 77' lang='lat'><em>77.</em></span> <span class='ocrx_word' id='word_1_242' title='bbox 1102 3217 1179 3282; x_wconf 83' lang='lat' dir='ltr'><em>Alia</em></span> <span class='ocrx_word' id='word_1_243' title='bbox 1205 3216 1331 3282; x_wconf 89' lang='lat' dir='ltr'><em>Isidoro</em></span> <span class='ocrx_word' id='word_1_244' title='bbox 1361 3238 1433 3280; x_wconf 89' lang='lat' dir='ltr'><em>eum</em></span> <span class='ocrx_word' id='word_1_245' title='bbox 1501 3285 1509 3300; x_wconf 49' lang='grc'><strong>,</strong></span> 
     </span>
     <span class='ocr_line' id='line_1_28' title="bbox 291 3323 1434 3410; baseline -0.001 -22"><span class='ocrx_word' id='word_1_246' title='bbox 291 3323 438 3390; x_wconf 85' lang='lat' dir='ltr'><em>Varrone</em></span> <span class='ocrx_word' id='word_1_247' title='bbox 470 3327 554 3392; x_wconf 91' lang='lat' dir='ltr'><em>ratio</em></span> <span class='ocrx_word' id='word_1_248' title='bbox 584 3326 764 3390; x_wconf 88' lang='lat' dir='ltr'><em>intercedit.</em></span> <span class='ocrx_word' id='word_1_249' title='bbox 809 3325 842 3390; x_wconf 85' lang='lat' dir='ltr'><em>Is</em></span> <span class='ocrx_word' id='word_1_250' title='bbox 873 3325 958 3389; x_wconf 90' lang='lat' dir='ltr'><em>enim</em></span> <span class='ocrx_word' id='word_1_251' title='bbox 989 3323 1024 3389; x_wconf 83' lang='lat' dir='ltr'><em>et</em></span> <span class='ocrx_word' id='word_1_252' title='bbox 1044 3323 1276 3410; x_wconf 78' lang='lat' dir='ltr'><em>geographiam</em></span> <span class='ocrx_word' id='word_1_253' title='bbox 1302 3345 1378 3388; x_wconf 86' lang='lat' dir='ltr'><em>sane</em></span> <span class='ocrx_word' id='word_1_254' title='bbox 1402 3327 1434 3387; x_wconf 88' lang='lat' dir='ltr'><em>et</em></span> 
     </span>
     <span class='ocr_line' id='line_1_29' title="bbox 291 3429 1432 3517; baseline -0.001 -23"><span class='ocrx_word' id='word_1_255' title='bbox 291 3433 513 3517; x_wconf 85' lang='lat' dir='ltr'><em>gromaticam,</em></span> <span class='ocrx_word' id='word_1_256' title='bbox 536 3455 633 3516; x_wconf 87' lang='lat' dir='ltr'><em>quam</em></span> <span class='ocrx_word' id='word_1_257' title='bbox 656 3455 721 3497; x_wconf 91' lang='lat' dir='ltr'><em>non</em></span> <span class='ocrx_word' id='word_1_258' title='bbox 745 3431 858 3516; x_wconf 87' lang='lat' dir='ltr'><em>attigit</em></span> <span class='ocrx_word' id='word_1_259' title='bbox 880 3429 1071 3514; x_wconf 86' lang='lat' dir='ltr'><em>Marcianus,</em></span> <span class='ocrx_word' id='word_1_260' title='bbox 1095 3431 1290 3514; x_wconf 85' lang='lat' dir='ltr'><em>complexus,</em></span> <span class='ocrx_word' id='word_1_261' title='bbox 1314 3433 1432 3493; x_wconf 88' lang='lat' dir='ltr'><em>utram·</em></span> 
     </span>
     <span class='ocr_line' id='line_1_30' title="bbox 291 3537 1432 3626; baseline 0 -26"><span class='ocrx_word' id='word_1_262' title='bbox 291 3559 353 3622; x_wconf 88' lang='lat' dir='ltr'><em>que</em></span> <span class='ocrx_word' id='word_1_263' title='bbox 375 3543 484 3604; x_wconf 89' lang='lat' dir='ltr'><em>tamen</em></span> <span class='ocrx_word' id='word_1_264' title='bbox 507 3541 548 3604; x_wconf 86' lang='lat' dir='ltr'><em>ab</em></span> <span class='ocrx_word' id='word_1_265' title='bbox 573 3539 673 3624; x_wconf 91' lang='lat' dir='ltr'><em>ipsius</em></span> <span class='ocrx_word' id='word_1_266' title='bbox 697 3539 893 3626; x_wconf 81' lang='lat' dir='ltr'><em>geometriae</em></span> <span class='ocrx_word' id='word_1_267' title='bbox 916 3539 1120 3604; x_wconf 88' lang='lat' dir='ltr'><em>enarratione</em></span> <span class='ocrx_word' id='word_1_268' title='bbox 1143 3540 1241 3624; x_wconf 85' lang='lat' dir='ltr'><em>longo</em></span> <span class='ocrx_word' id='word_1_269' title='bbox 1261 3537 1432 3602; x_wconf 85' lang='lat' dir='ltr'><em>intervallo</em></span> 
     </span>
     <span class='ocr_line' id='line_1_31' title="bbox 290 3643 1433 3730; baseline -0.001 -23"><span class='ocrx_word' id='word_1_270' title='bbox 290 3643 483 3730; x_wconf 88' lang='lat' dir='ltr'><em>diremptam</em></span> <span class='ocrx_word' id='word_1_271' title='bbox 512 3647 602 3712; x_wconf 91' lang='lat' dir='ltr'><em>libris</em></span> <span class='ocrx_word' id='word_1_272' title='bbox 630 3647 760 3711; x_wconf 88' lang='lat' dir='ltr'><em>demum</em></span> <span class='ocrx_word' id='word_1_273' title='bbox 782 3643 860 3710; x_wconf 80' lang='lat' dir='ltr'><em>xlv</em></span> <span class='ocrx_word' id='word_1_274' title='bbox 889 3649 922 3710; x_wconf 86' lang='lat' dir='ltr'><em>et</em></span> <span class='ocrx_word' id='word_1_275' title='bbox 944 3643 1005 3710; x_wconf 89' lang='lat' dir='ltr'><em>XV</em></span> <span class='ocrx_word' id='word_1_276' title='bbox 1029 3643 1099 3730; x_wconf 89' lang='lat' dir='ltr'><em>(ubi</em></span> <span class='ocrx_word' id='word_1_277' title='bbox 1123 3669 1142 3709; x_wconf 91' lang='lat' dir='ltr'><em>a</em></span> <span class='ocrx_word' id='word_1_278' title='bbox 1166 3667 1234 3728; x_wconf 85' lang='lat' dir='ltr'><em>cap.</em></span> <span class='ocrx_word' id='word_1_279' title='bbox 1262 3645 1300 3708; x_wconf 88' lang='lat'><em>13</em></span> <span class='ocrx_word' id='word_1_280' title='bbox 1325 3643 1433 3728; x_wconf 86' lang='lat' dir='ltr'><em>agitur</em></span> 
     </span>
     <span class='ocr_line' id='line_1_32' title="bbox 289 3749 1431 3836; baseline -0.004 -18"><span class='ocrx_word' id='word_1_281' title='bbox 289 3753 325 3817; x_wconf 86' lang='lat' dir='ltr'><em>dc</em></span> <span class='ocrx_word' id='word_1_282' title='bbox 347 3755 447 3836; x_wconf 74' lang='lat' dir='ltr'><em>aprus,</em></span> <span class='ocrx_word' id='word_1_283' title='bbox 474 3755 510 3818; x_wconf 88' lang='lat' dir='ltr'><em>de</em></span> <span class='ocrx_word' id='word_1_284' title='bbox 530 3753 643 3836; x_wconf 66' lang='lat' dir='ltr'><em>fluibus</em></span> <span class='ocrx_word' id='word_1_285' title='bbox 665 3773 824 3836; x_wconf 76' lang='lat' dir='ltr'><em>aprorum,</em></span> <span class='ocrx_word' id='word_1_286' title='bbox 846 3753 883 3817; x_wconf 84' lang='lat' dir='ltr'><em>de</em></span> <span class='ocrx_word' id='word_1_287' title='bbox 903 3751 1056 3816; x_wconf 75' lang='lat' dir='ltr'><em>muratus</em></span> <span class='ocrx_word' id='word_1_288' title='bbox 1077 3750 1237 3834; x_wconf 80' lang='lat' dir='ltr'><em>aprorum)</em></span> <span class='ocrx_word' id='word_1_289' title='bbox 1262 3749 1431 3834; x_wconf 86' lang='lat' dir='ltr'><em>Originum</em></span> 
     </span>
     <span class='ocr_line' id='line_1_33' title="bbox 248 3847 1431 3945; baseline -0.002 -23"><span class='ocrx_word' id='word_1_290' title='bbox 248 3876 274 3915; x_wconf 70' lang='grc' dir='ltr'><em>ιι</em></span> <span class='ocrx_word' id='word_1_291' title='bbox 290 3847 477 3942; x_wconf 78' lang='lat' dir='ltr'><em>persecutus</em></span> <span class='ocrx_word' id='word_1_292' title='bbox 500 3865 558 3925; x_wconf 83' lang='lat' dir='ltr'><em>est</em></span> <span class='ocrx_word' id='word_1_293' title='bbox 603 3859 717 3944; x_wconf 88' lang='lat' dir='ltr'><em>ltaque</em></span> <span class='ocrx_word' id='word_1_294' title='bbox 741 3879 894 3945; x_wconf 88' lang='lat' dir='ltr'><em>quaerere</em></span> <span class='ocrx_word' id='word_1_295' title='bbox 918 3857 994 3920; x_wconf 88' lang='lat' dir='ltr'><em>licet</em></span> <span class='ocrx_word' id='word_1_296' title='bbox 1015 3876 1093 3919; x_wconf 88' lang='lat' dir='ltr'><em>uum</em></span> <span class='ocrx_word' id='word_1_297' title='bbox 1116 3853 1200 3919; x_wconf 85' lang='lat' dir='ltr'><em>forte</em></span> <span class='ocrx_word' id='word_1_298' title='bbox 1221 3855 1255 3920; x_wconf 92' lang='lat' dir='ltr'><em>in</em></span> <span class='ocrx_word' id='word_1_299' title='bbox 1274 3855 1431 3921; x_wconf 82' lang='lat' dir='ltr'><em>Varronis</em></span> 
     </span>
     <span class='ocr_line' id='line_1_34' title="bbox 290 3961 1431 4051; baseline -0.002 -21"><span class='ocrx_word' id='word_1_300' title='bbox 290 3967 477 4051; x_wconf 85' lang='lat' dir='ltr'><em>gromatieis</em></span> <span class='ocrx_word' id='word_1_301' title='bbox 507 3967 597 4030; x_wconf 88' lang='lat' dir='ltr'><em>locus</em></span> <span class='ocrx_word' id='word_1_302' title='bbox 628 3967 727 4031; x_wconf 82' lang='lat' dir='ltr'><em>atiani</em></span> <span class='ocrx_word' id='word_1_303' title='bbox 756 3967 808 4032; x_wconf 88' lang='lat' dir='ltr'><em>his</em></span> <span class='ocrx_word' id='word_1_304' title='bbox 835 3965 934 4030; x_wconf 72' lang='lat' dir='ltr'><em>tuterit</em></span> <span class='ocrx_word' id='word_1_305' title='bbox 956 3961 1045 4048; x_wconf 87' lang='lat' dir='ltr'><em>Orig.</em></span> <span class='ocrx_word' id='word_1_306' title='bbox 1068 3961 1139 4046; x_wconf 86' lang='lat' dir='ltr'><em>XV,</em></span> <span class='ocrx_word' id='word_1_307' title='bbox 1170 3963 1223 4047; x_wconf 85' lang='lat'><em>13,</em></span> <span class='ocrx_word' id='word_1_308' title='bbox 1251 3963 1281 4048; x_wconf 88' lang='grc'><em>6,</em></span> <span class='ocrx_word' id='word_1_309' title='bbox 1308 3985 1431 4050; x_wconf 83' lang='lat' dir='ltr'><em>quase</em></span> 
     </span>
     <span class='ocr_line' id='line_1_35' title="bbox 221 4071 1431 4158; baseline -0.002 -21"><span class='ocrx_word' id='word_1_310' title='bbox 221 4103 225 4112; x_wconf 88' lang='lat'><strong>·</strong></span> <span class='ocrx_word' id='word_1_311' title='bbox 290 4071 454 4138; x_wconf 85' lang='lat' dir='ltr'><em>Servianis</em></span> <span class='ocrx_word' id='word_1_312' title='bbox 474 4071 507 4136; x_wconf 92' lang='lat' dir='ltr'><em>in</em></span> <span class='ocrx_word' id='word_1_313' title='bbox 521 4071 639 4158; x_wconf 85' lang='lat' dir='ltr'><em>Georg.</em></span> <span class='ocrx_word' id='word_1_314' title='bbox 657 4071 673 4137; x_wconf 95' lang='grc' dir='ltr'>Ι</span> <span class='ocrx_word' id='word_1_315' title='bbox 692 4073 761 4138; x_wconf 89' lang='lat' dir='ltr'><em>init.</em></span> <span class='ocrx_word' id='word_1_316' title='bbox 781 4071 951 4138; x_wconf 85' lang='lat' dir='ltr'><em>emendata</em></span> <span class='ocrx_word' id='word_1_317' title='bbox 970 4071 1189 4155; x_wconf 82' lang='lat' dir='ltr'><em>ascripsimus:</em></span> <span class='ocrx_word' id='word_1_318' title='bbox 1212 4071 1313 4135; x_wconf 81' lang='lat' dir='ltr'><em>mauis</em></span> <span class='ocrx_word' id='word_1_319' title='bbox 1330 4075 1431 4135; x_wconf 73' lang='lat' dir='ltr'><em>aarum</em></span> 
     </span>
     <span class='ocr_line' id='line_1_36' title="bbox 288 4178 1553 4266; baseline -0.002 -24"><span class='ocrx_word' id='word_1_320' title='bbox 288 4201 373 4262; x_wconf 78' lang='lat' dir='ltr'><em>aper,</em></span> <span class='ocrx_word' id='word_1_321' title='bbox 399 4185 435 4244; x_wconf 90' lang='lat' dir='ltr'><em>ut</em></span> <span class='ocrx_word' id='word_1_322' title='bbox 464 4179 562 4244; x_wconf 82' lang='lat' dir='ltr'><em>Varro</em></span> <span class='ocrx_word' id='word_1_323' title='bbox 588 4181 683 4266; x_wconf 85' lang='lat' dir='ltr'><em>docet,</em></span> <span class='ocrx_word' id='word_1_324' title='bbox 709 4179 940 4262; x_wconf 80' lang='lat' dir='ltr'><em>quadrifmiam</em></span> <span class='ocrx_word' id='word_1_325' title='bbox 967 4179 1125 4243; x_wconf 81' lang='lat' dir='ltr'><em>diaulitur.</em></span> <span class='ocrx_word' id='word_1_326' title='bbox 1157 4181 1213 4241; x_wconf 90' lang='lat' dir='ltr'><em>aut</em></span> <span class='ocrx_word' id='word_1_327' title='bbox 1233 4178 1316 4241; x_wconf 82' lang='lat' dir='ltr'><em>mim</em></span> <span class='ocrx_word' id='word_1_328' title='bbox 1337 4197 1432 4241; x_wconf 82' lang='lat' dir='ltr'><em>amus</em></span> <span class='ocrx_word' id='word_1_329' title='bbox 1546 4201 1553 4210; x_wconf 95' lang='lat'>·</span> 
     </span>
     <span class='ocr_line' id='line_1_37' title="bbox 287 4283 1431 4370; baseline -0.002 -22"><span class='ocrx_word' id='word_1_330' title='bbox 287 4291 331 4348; x_wconf 87' lang='lat' dir='ltr'><em>est</em></span> <span class='ocrx_word' id='word_1_331' title='bbox 352 4307 425 4368; x_wconf 75' lang='lat' dir='ltr'><em>aper</em></span> <span class='ocrx_word' id='word_1_332' title='bbox 446 4287 482 4350; x_wconf 89' lang='lat' dir='ltr'><em>id</em></span> <span class='ocrx_word' id='word_1_333' title='bbox 502 4287 742 4370; x_wconf 70' lang='lat' dir='ltr'><em>ostendamus,</em></span> <span class='ocrx_word' id='word_1_334' title='bbox 765 4290 821 4349; x_wconf 89' lang='lat' dir='ltr'><em>out</em></span> <span class='ocrx_word' id='word_1_335' title='bbox 842 4286 1005 4350; x_wconf 77' lang='lat' dir='ltr'><em>consilioue</em></span> <span class='ocrx_word' id='word_1_336' title='bbox 1028 4286 1063 4350; x_wconf 87' lang='lat' dir='ltr'><em>id</em></span> <span class='ocrx_word' id='word_1_337' title='bbox 1083 4289 1127 4350; x_wconf 83' lang='lat' dir='ltr'><em>est</em></span> <span class='ocrx_word' id='word_1_338' title='bbox 1148 4288 1240 4366; x_wconf 88' lang='lat' dir='ltr'><em>aptus</em></span> <span class='ocrx_word' id='word_1_339' title='bbox 1261 4283 1431 4361; x_wconf 84' lang='lat' dir='ltr'><em>arboribus,</em></span> 
     </span>
     <span class='ocr_line' id='line_1_38' title="bbox 287 4390 1430 4475; baseline -0.001 -22"><span class='ocrx_word' id='word_1_340' title='bbox 287 4396 344 4454; x_wconf 87' lang='lat' dir='ltr'><em>out</em></span> <span class='ocrx_word' id='word_1_341' title='bbox 365 4411 500 4473; x_wconf 78' lang='lat' dir='ltr'><em>pascum</em></span> <span class='ocrx_word' id='word_1_342' title='bbox 526 4397 581 4475; x_wconf 82' lang='lat' dir='ltr'><em>qui</em></span> <span class='ocrx_word' id='word_1_343' title='bbox 607 4393 707 4458; x_wconf 86' lang='lat' dir='ltr'><em>berbis</em></span> <span class='ocrx_word' id='word_1_344' title='bbox 734 4395 855 4455; x_wconf 83' lang='lat' dir='ltr'><em>tautrrm</em></span> <span class='ocrx_word' id='word_1_345' title='bbox 877 4396 905 4455; x_wconf 83' lang='lat' dir='ltr'><em>rt</em></span> <span class='ocrx_word' id='word_1_346' title='bbox 926 4392 1116 4456; x_wconf 80' lang='lat' dir='ltr'><em>‹cuiumlibus</em></span> <span class='ocrx_word' id='word_1_347' title='bbox 1138 4395 1239 4466; x_wconf 87' lang='lat' dir='ltr'><em>vacat,</em></span> <span class='ocrx_word' id='word_1_348' title='bbox 1267 4395 1323 4454; x_wconf 82' lang='lat' dir='ltr'><em>aut</em></span> <span class='ocrx_word' id='word_1_349' title='bbox 1343 4390 1430 4470; x_wconf 80' lang='lat' dir='ltr'><em>llari-</em></span> 
     </span>
     <span class='ocr_line' id='line_1_39' title="bbox 287 4495 1431 4582; baseline -0.002 -20"><span class='ocrx_word' id='word_1_350' title='bbox 287 4499 344 4562; x_wconf 82' lang='lat' dir='ltr'><em>clus</em></span> <span class='ocrx_word' id='word_1_351' title='bbox 366 4500 401 4563; x_wconf 89' lang='lat' dir='ltr'><em>iu</em></span> <span class='ocrx_word' id='word_1_352' title='bbox 423 4519 483 4579; x_wconf 78' lang='lat' dir='ltr'><em>quo</em></span> <span class='ocrx_word' id='word_1_353' title='bbox 505 4505 577 4564; x_wconf 84' lang='lat' dir='ltr'><em>suut</em></span> <span class='ocrx_word' id='word_1_354' title='bbox 598 4501 680 4564; x_wconf 86' lang='lat' dir='ltr'><em>barti</em></span> <span class='ocrx_word' id='word_1_355' title='bbox 703 4499 816 4582; x_wconf 86' lang='lat' dir='ltr'><em>(immo</em></span> <span class='ocrx_word' id='word_1_356' title='bbox 839 4501 900 4563; x_wconf 86' lang='lat' dir='ltr'><em>orti</em></span> <span class='ocrx_word' id='word_1_357' title='bbox 918 4499 1091 4562; x_wconf 88' lang='lat' dir='ltr'><em>secuudum</em></span> <span class='ocrx_word' id='word_1_358' title='bbox 1108 4496 1303 4582; x_wconf 87' lang='lat' dir='ltr'><em>Varronem)</em></span> <span class='ocrx_word' id='word_1_359' title='bbox 1322 4495 1431 4578; x_wconf 82' lang='lat' dir='ltr'><em>apibus</em></span> 
     </span>
    </p>
   </div>
   <div class='ocr_carea' id='block_1_3' title="bbox 0 0 1656 5106">
    <p class='ocr_par' dir='ltr' id='par_1_3' title="bbox 0 0 1656 5106">
     <span class='ocr_line' id='line_1_40' title="bbox 0 0 1656 5106; baseline 0 5"><span class='ocrx_word' id='word_1_360' title='bbox 0 0 1656 5106; x_wconf 95' lang='lat' dir='ltr'><em> </em></span> 
     </span>
    </p>
   </div>
  </div>
 </body>
</html>
