3288 5100
566 374 644 422 s1va
670 374 917 422 iinanonnnvn
941 374 1046 420 amm.
1312 357 1376 420 519

231 517 349 581 bantur
379 513 523 602 (quando
546 517 587 580 ab
612 515 730 601 Orphei
754 517 880 582 Musaei
904 516 1015 583 Olcnis
1039 519 1072 580 et
1095 516 1251 580 similium
1274 517 1376 582 nomi-

230 623 326 688 nibus
357 624 469 708 ordiri,
500 622 642 688 desinere
670 625 705 688 in
735 625 915 708 pleiadibus
940 623 1233 690 Alexandrinorum
1256 623 1376 709 potuit)

231 736 263 796 et
286 730 459 811 decimum,
488 750 551 814 quo
576 730 758 813 architecti,
782 731 838 794 sed
862 734 949 795 certo
972 753 1038 796 non
1062 730 1131 814 soli,
1155 733 1303 814 apertum
1327 735 1377 794 est

230 837 371 901 medium
405 836 544 920 aliquem
578 837 683 901 locum
717 837 929 920 philosophos
963 837 1158 921 obtinuisse,
1190 859 1207 900 c
1241 859 1376 921 quorum

228 941 430 1008 hebdomade
457 941 579 1006 Graeca
602 942 869 1027 Pythagoram
892 943 1096 1007 Platonem
1120 944 1375 1009 Aristotelem

230 1047 444 1133 Symmachus
474 1048 750 1113 commemoravit:
783 1067 878 1132 quem
906 1048 1012 1113 locum
1043 1050 1255 1132 obtinuerint,
1286 1050 1374 1115 nullo

229 1155 348 1220 indicio
372 1159 472 1239 patet.
509 1155 631 1231 Quodsi
654 1159 767 1238 poetas
787 1159 936 1240 exceptos
958 1178 1026 1220 esse
1046 1180 1065 1221 a
1083 1178 1197 1240 prosae
1217 1155 1374 1220 orationis

230 1262 443 1345 scriptoribus
467 1263 633 1345 statueris,
663 1261 826 1327 historicis
833 1313 842 1345 ,
871 1262 1090 1346 philosophis,
1121 1260 1418 1345 oratoribus(etx1

229 1368 264 1432 in
288 1360 482 1434 oratoribus¹
496 1369 560 1434 nisi
583 1369 726 1436 fallimur
746 1368 967 1433 Demetrius
987 1367 1073 1453 fuit),
1097 1374 1147 1434 est
1165 1369 1225 1434 hoc
1245 1368 1373 1454 quidem

230 1474 311 1538 satis
341 1474 446 1540 simile
477 1477 557 1560 veri,
588 1476 644 1540 sed
672 1477 818 1560 profecto
846 1476 1087 1541 honestastis
1112 1475 1373 1559 adterseptem

227 1579 445 1644 hebdomadas
469 1582 625 1647 librorum
647 1581 704 1646 IV.
728 1582 784 1646 Vl.
809 1582 888 1646 VIII
914 1583 1132 1674 complendas:
1161 1587 1197 1647 ut
1221 1582 1254 1646 in
1278 1581 1374 1648 Grac·
1399 1637 1402 1644 ,

227 1687 273 1750 cis
298 1708 383 1751 nunc
403 1687 618 1752 subsistamus
633 1687 916 1774 Romanorumque
935 1689 970 1752 in
988 1688 1050 1753 hoc
1069 1709 1185 1774 genere
1205 1687 1373 1772 penuriam

227 1813 269 1858 ne
293 1815 440 1859 curemus
465 1792 602 1877 quidem.
648 1794 717 1858 Nee
741 1794 821 1858 satir
845 1800 983 1878 prosunt
1005 1795 1158 1860 artifices:
1183 1794 1373 1878 sculptores,

227 1901 416 1984 scalptores,
441 1901 628 1981 caelatores,
651 1901 777 1984 plastae
801 1901 832 1967 h.
852 1923 878 1964 c.
901 1902 1030 1967 fictores
1050 1899 1208 1986 (simodo
1227 1903 1295 1964 tam
1314 1900 1372 1964 mi-

226 2007 367 2071 nutatim
391 2007 579 2072 distinctum
603 2006 681 2092 est),
703 2007 855 2092 pictores,
879 2009 1002 2092 musici,
1026 2009 1209 2091 saltatores,
1232 2011 1371 2072 actores:

227 2114 282 2197 qui
324 2114 392 2180 sive
430 2114 544 2181 sociati
582 2136 654 2179 cum
692 2114 879 2179 architectis
917 2115 984 2179 sive
1020 2137 1087 2179 non
1124 2114 1239 2178 sociati
1276 2113 1371 2178 unius

225 2219 302 2284 libri
333 2219 365 2286 h.
398 2243 424 2286 e.
459 2225 583 2304 septem
616 2219 854 2285 hebdomadum
888 2221 1047 2285 ambitum
1079 2220 1132 2284 vix
1166 2221 1371 2285 excedebant

227 2324 295 2391 Nec
328 2327 403 2410 plus
439 2349 536 2410 quam
568 2327 664 2391 unius
696 2325 908 2390 hebdomadis
940 2327 1082 2410 spatium
1114 2326 1229 2392 medici
1261 2347 1372 2410 posce·

227 2432 316 2497 bant.
363 2433 451 2509 Quos
479 2455 590 2496 omnes
614 2433 744 2496 tametsi
767 2432 863 2496 facile
886 2433 1045 2497 credimus
1068 2455 1134 2496 nou
1157 2437 1233 2517 post
1251 2432 1372 2496 librum

227 2539 385 2603 decimum
426 2534 513 2622 (sive
554 2539 772 2604 adnumeratis
809 2539 963 2604 Romanis
1005 2537 1226 2626 undecimum)
1265 2539 1370 2606 locum

225 2644 386 2709 invenisse
431 2667 538 2728 suum,
582 2644 638 2708 sed
681 2645 774 2710 illum
816 2647 1031 2730 praecessisse
1068 2649 1193 2732 potius:
1232 2685 1273 2694 -
1289 2701 1292 2706 .
1311 2669 1371 2712 nec

226 2753 312 2816 enim
341 2751 526 2826 architectis
556 2751 722 2816 commode
746 2754 911 2836 praemitti
936 2775 1043 2838 reges,
1070 2755 1296 2838 imperatores,
1323 2755 1370 2819 rei

224 2859 375 2943 publicae
404 2857 564 2941 gerendae
594 2857 757 2943 principes
789 2863 977 2942 potuerunt,
1007 2881 1065 2924 nec
1088 2859 1204 2925 horum
1228 2861 1369 2926 ubertati

225 2964 504 3050 splendidissimae
533 2985 720 3030 concessum
749 2969 825 3048 post
847 2965 967 3030 librum
991 2965 1193 3031 undecimum
1217 2973 1370 3053 quattuor
1472 3027 1476 3034 .

106 3115 108 3118 -
223 3072 378 3136 librorum
412 3071 554 3154 spatium
587 3071 685 3136 etiam
718 3071 752 3136 in
784 3073 886 3137 artius
920 3073 1110 3138 contrahere
1143 3075 1285 3140 animum
1321 3077 1368 3140 in-

223 3177 334 3243 duces:
361 3215 405 3224 -
428 3168 537 3243 tbmen
566 3177 606 3242 ad
636 3181 686 3242 tot
715 3178 952 3244 hebdomadum
982 3179 1196 3264 capacitatem
1225 3185 1262 3244 ut
1289 3182 1368 3246 satis

223 3285 378 3349 materiae
402 3284 624 3368 conquiratur,
654 3284 787 3350 omnino
810 3307 876 3350 non
900 3290 951 3350 est
973 3286 1007 3350 iu
1031 3286 1213 3351 litterarum
1237 3288 1368 3352 artium·

140 3413 144 3420 ’
223 3413 284 3475 que
317 3389 492 3455 luminibus
525 3389 778 3474 subsistendum,
812 3391 867 3456 sed
896 3391 1017 3475 aliquid
1046 3394 1225 3478 copiarum,
1255 3393 1304 3459 vel
1334 3397 1369 3458 ut

223 3497 328 3561 verius
353 3495 505 3578 dicamus,
529 3495 813 3578 aliquammultum
836 3497 934 3580 longe
958 3497 1030 3561 aliia
1054 3519 1070 3561 e
1089 3499 1268 3563 recessibus
1289 3501 1368 3564 asci-

223 3601 383 3667 scendum.
425 3601 537 3684 quue
561 3599 643 3665 illud
665 3601 772 3684 ipsum
796 3605 922 3685 spectat
940 3603 1025 3687 quod
1044 3603 1225 3668 Varronem
1244 3604 1367 3670 Plinius

223 3709 305 3773 dixit
344 3707 623 3792 septingentorum
660 3707 791 3791 aliquo
829 3707 939 3773 modo
976 3709 1161 3775 inlustrium
1198 3711 1366 3775 hominum

222 3815 380 3900 imagines
409 3815 637 3899 composuisse.
684 3814 772 3891 Quae
795 3815 885 3880 notio
909 3820 1065 3899 quantam
1089 3838 1243 3901 generum
1268 3818 1367 3882 varic

222 3926 323 3986 tatem
352 3921 504 3986 admittat
536 3925 573 3985 ut
599 3921 631 3985 in
662 3924 773 4006 aperto
799 3925 861 4005 est,
890 3923 936 3986 ita
959 3923 1070 3988 licebit
1092 3924 1232 3988 fortasse
1255 3925 1366 4009 paullo

221 4028 404 4093 distinctius
433 4029 505 4114 ipso
535 4027 614 4093 duce
637 4028 743 4094 Plinio
774 4028 915 4093 definire.
960 4028 1056 4094 Hunc
1084 4031 1171 4096 enim
1200 4053 1272 4096 cum
1300 4032 1367 4096 iam

222 4155 320 4218 supra
346 4134 519 4200 viderimus
544 4138 698 4219 quattuor
721 4157 759 4199 ex
783 4141 908 4220 septem
931 4135 1145 4202 Varronianis
1170 4135 1366 4202 architectos

220 4241 305 4306 libro
330 4263 390 4314 suo¹
411 4241 551 4324 septimo
573 4241 756 4326 nominare,
784 4242 845 4308 hoe
868 4247 919 4307 cst
941 4265 978 4308 eo
1003 4244 1089 4308 libro
1113 4265 1176 4328 quo
1200 4247 1366 4328 tamquam

220 4348 333 4413 florem
358 4349 484 4433 generis
507 4347 641 4412 humani
665 4347 779 4413 libavit
802 4346 918 4434 (ipsius
941 4351 1040 4415 verba
1061 4353 1080 4430 ξ
1103 4351 1164 4415 123
1183 4350 1365 4440 imitamur)

222 4458 255 4520 et
278 4453 430 4541 quicquid
453 4455 562 4544 aliquo
586 4453 682 4520 modo
706 4457 915 4524 memorabile
939 4457 973 4524 in
995 4457 1155 4544 fingendis
1178 4456 1364 4524 hominibus
