3288 5100
571 401 649 452 srva
673 403 919 452 ussnouunvu
944 401 1049 450 arsur.
1316 386 1379 452 561

236 543 451 630 Antiphili,
487 545 672 630 Theonis,
713 547 881 630 Apellis,
922 545 1203 628 Euphranoris:
1244 544 1409 636 alteram·

236 652 457 736 antiquiorum
489 653 523 716 in
556 654 673 738 quibus
702 653 818 718 Zeuxis
851 659 884 717 et
901 651 1105 716 ¹Parrhasius
1134 655 1242 716 essent
1270 655 1303 716 et
1321 652 1381 718 ¹in·

235 760 383 824 consulto
407 764 444 823 ut
470 763 623 844 putamus
652 761 897 846 praetermissus
925 758 1144 824 aMercklino
1168 758 1381 844 Polygnotus.

236 865 359 941 Quodsi
391 867 487 932 binae
519 867 651 933 fuerunt
683 871 715 932 et
745 868 977 932 statuariorum
1006 869 1038 930 et
1070 866 1231 950 pictorum
1262 865 1382 930 hebdo-

103 1006 109 1010 ·
236 973 359 1057 mades,
382 996 447 1038 non
470 979 580 1058 potest
602 975 774 1059 quicquam
798 975 839 1038 ab
863 975 936 1058 ipsa
958 974 1175 1039 concinnitate
1199 972 1272 1057 plus
1296 993 1382 1036 com-

163 1107 166 1114 ’
236 1079 451 1145 mendationis
480 1081 600 1146 habero
627 1101 724 1164 quam
748 1081 847 1145 etiam
872 1080 1090 1164 sculptoribus
1118 1079 1212 1144 binas
1240 1077 1381 1142 tributas

235 1208 319 1250 esse:
352 1209 490 1271 quorum
524 1187 697 1252 multitudo
730 1210 788 1271 per
819 1187 918 1251 Plinii
950 1187 1068 1251 librum
1095 1185 1235 1250 XXXVI
1266 1185 1382 1250 diffusa

236 1293 287 1358 vel
316 1293 422 1357 tribus
451 1297 642 1378 quattuorve
671 1294 847 1378 aequandis
880 1293 974 1358 facile
1003 1293 1153 1358 sufficiat.
1189 1291 1250 1356 His
1280 1292 1383 1376 igitur

237 1421 293 1463 sex
311 1399 524 1465 hebdomadis
544 1401 601 1465 ubi
620 1401 793 1484 septimam
813 1397 996 1466 miscellam
1016 1397 1189 1464 subieceris
1210 1399 1381 1482 escalpto·

235 1506 339 1590 ribus,
376 1507 606 1592 caelatoribus,
642 1507 810 1573 lictoribus
848 1506 1076 1590 compositam,
1113 1507 1180 1570 tam
1213 1505 1380 1570 commode

235 1613 310 1676 libri
330 1612 511 1677 duodecimi
531 1614 638 1697 spatia
656 1615 845 1697 expleveris,
862 1613 946 1678 nihil
967 1618 1003 1677 ut
1022 1612 1062 1677 ad
1081 1611 1244 1696 perfectae
1264 1635 1380 1696 aequa-

235 1717 374 1782 bilitatis
393 1719 560 1790 notionem
578 1720 786 1786 desideretur.
818 1719 923 1785 Nece
947 1742 1010 1805 quo
1033 1720 1241 1804 potissimum
1265 1740 1381 1804 genere

235 1825 416 1908 principem
437 1824 544 1890 Varro
568 1826 725 1911 delegerit
747 1827 782 1890 in
804 1826 888 1890 libro
913 1827 1016 1909 primo
1041 1826 1264 1910 praemissum,
1288 1826 1431 1890 valdexr

235 1953 330 2014 posse
359 1931 500 1996 dubitari
527 1932 664 1998 videtur.
700 1931 785 1997 Nam
814 1935 847 1996 et
874 1953 947 1995 cum
976 1954 993 1996 e
1022 1931 1183 2017 dignitate
1210 1933 1276 1996 tria
1299 1933 1380 1996 artis

235 2058 353 2122 genera
380 2037 574 2124 principalia
597 2044 799 2125 spectantur,
827 2039 861 2104 in
885 2040 1008 2104 maiore
1032 2039 1130 2104 etiam
1153 2061 1250 2124 quam
1275 2039 1380 2124 sculp-

236 2149 323 2208 tores
348 2150 381 2210 et
403 2145 546 2229 pictores
569 2149 692 2214 honore
716 2148 816 2213 fuisse
843 2149 1020 2214 statuarios
1047 2151 1184 2230 constat,
1208 2150 1241 2211 et
1268 2146 1380 2211 eodem

235 2255 342 2317 certae
357 2255 650 2338 argumentationis
665 2257 719 2320 via
734 2255 888 2320 ducimur.
912 2253 1151 2319 Statuariorum
1171 2254 1257 2318 euim
1273 2256 1380 2317 aetate

235 2359 395 2424 maiorum
416 2383 487 2424 cum
509 2361 593 2427 banc
606 2363 842 2427 hebdomadam
859 2385 875 2426 e
890 2360 986 2425 Plinii
1002 2360 1057 2425 lib.
1071 2359 1211 2424 XXXIV
1227 2359 1301 2438 §54
1311 2381 1380 2444 sqq.

234 2463 381 2531 Brunnio
400 2471 533 2531 auctore
552 2469 760 2534 emissemus:
779 2469 952 2551 Phidiae,
971 2467 1174 2552 Polycliti,
1193 2465 1380 2550 Myronis,
1471 2465 1480 2486 ‘

234 2569 484 2656 Pythagorae
499 2574 679 2660 Rhegini,
693 2575 942 2659 Telephanis,
961 2571 1187 2657 Praxitelia,
1206 2573 1379 2657 Lysippi:

234 2678 296 2742 etsi
316 2679 363 2741 rei
377 2701 536 2744 summam
550 2680 730 2748 Mercklino
750 2682 968 2766 probavimus,
992 2687 1101 2746 tamen
1120 2681 1174 2745 ille
1191 2703 1221 2764 p.
1234 2680 1275 2743 10
1286 2679 1378 2760 [537]

234 2803 330 2867 aegre
360 2786 436 2849 tulit
464 2786 730 2870 Pythagoram
760 2785 926 2851 Samium
957 2787 1153 2872 neglectum,
1182 2806 1278 2870 quem
1305 2789 1381 2868 post

234 2891 340 2974 ipsum
373 2891 560 2977 Rheginum
592 2892 644 2956 his
678 2893 784 2956 verbis
816 2892 942 2957 Plinius
975 2897 995 2974 ξ
1024 2894 1067 2958 60
1099 2891 1379 2957 commemoravit:

234 2995 313 3062 ‘fuit
342 3003 376 3062 et
409 2999 492 3064 alius
524 2999 730 3084 Pythagoras
764 2997 905 3083 Samius,
937 3001 1030 3065 initio
1063 2999 1181 3084 pictor,
1217 2999 1306 3064 cuius
1339 2998 1380 3063 ad

233 3105 346 3170 aedem
368 3105 531 3170 Fortunae
555 3155 696 3172 ......
719 3107 854 3171 laudata
878 3109 962 3170 sunt.
993 3107 1046 3169 hic
1065 3127 1163 3188 supra
1185 3106 1272 3170 dicto
1295 3105 1379 3169 facie

233 3234 360 3296 quoque
388 3212 565 3277 indiscreta
588 3213 705 3277 similis
729 3211 829 3278 fuisse
853 3211 1017 3277 traditur'.
1053 3211 1142 3276 Haec
1166 3213 1266 3296 enim,
1297 3233 1378 3296 quae

234 3323 378 3382 extrema
410 3319 589 3402 posuimus,
621 3341 686 3384 non
715 3323 752 3383 ut
783 3320 818 3383 in
850 3319 990 3383 transitu
1021 3317 1147 3382 adiecta
1175 3341 1244 3383 esse
1273 3342 1311 3383 ex
1339 3342 1377 3383 eo

233 3425 388 3509 intellegi,
412 3425 496 3508 quod
515 3448 574 3490 nec
594 3426 634 3490 ad
653 3427 734 3490 artis
757 3426 939 3510 historiam,
963 3427 996 3489 in
1020 3448 1084 3510 qua
1107 3425 1177 3490 sola
1195 3430 1380 3491 versaretur

233 3531 381 3614 scriptor,
405 3531 578 3614 quicquam
601 3530 754 3614 facerent,
778 3537 811 3596 et
829 3532 870 3594 ad
888 3532 993 3615 ipsam
1013 3531 1192 3616 imaginum
1211 3531 1377 3596 notionem

235 3658 255 3698 a
273 3634 419 3700 Varrone
444 3638 678 3721 explicaturum
698 3641 882 3720 spectarent
903 3641 941 3700 ut
964 3638 1049 3720 quod
1074 3637 1223 3701 maxime.
1254 3637 1377 3702 Rectis-

235 3741 315 3806 sime
338 3743 371 3806 id
396 3744 524 3827 quidem
546 3749 661 3807 nostro
685 3765 795 3808 sensu:
818 3744 914 3808 modo
938 3743 1211 3807 nesubtilissima
1233 3744 1377 3810 admoni-

234 3848 323 3912 tione
346 3850 395 3913 ita
418 3873 494 3914 usus
517 3857 604 3915 esset
626 3854 663 3914 ut
686 3875 705 3916 a
728 3851 926 3936 reliquorum
947 3850 1111 3934 socictate,
1133 3871 1174 3914 ne
1198 3849 1375 3916 hebdomas

234 3955 465 4021 statuariomm
498 3961 718 4042 superaretur,
749 3957 946 4022 Praxitelem
978 3961 1171 4042 segregaret.
1213 3955 1271 4022 Cui
1303 3979 1376 4022 cum

234 4083 294 4126 nos
313 4061 465 4127 ultimum
484 4065 590 4130 locum
610 4089 629 4129 a
647 4065 755 4130 Plinio
775 4071 948 4150 propterea
964 4087 1035 4129 esse
1053 4065 1211 4130 tributum
1230 4065 1376 4130 Brunnio

233 4167 494 4254 credidissemus,
527 4171 610 4254 quod
645 4172 780 4235 eundem
804 4171 981 4236 ‘marmore
1013 4173 1202 4254 feliciorem,
1238 4173 1311 4238 ideo
1344 4177 1378 4237 et

234 4273 420 4339 clariorem'
444 4275 513 4358 ipse
532 4273 657 4340 Plinius
681 4277 817 4342 dixisset
835 4281 855 4356 ξ
870 4279 926 4342 09:
951 4300 1021 4342 eam
1042 4279 1146 4362 ipsam
1167 4279 1209 4343 ob
1228 4301 1375 4344 caussam

232 4404 298 4446 non
321 4383 466 4466 potuisse
485 4381 570 4446 inter
589 4385 775 4468 statuarios,
798 4384 946 4448 debuisse
966 4385 1049 4448 inter
1067 4385 1246 4469 sculptores
1265 4387 1376 4450 referri

234 4513 253 4552 a
275 4487 424 4554 Varrone
451 4488 647 4554 Mercklinus
675 4491 792 4576 arguit.
829 4489 951 4556 Verum
979 4491 1056 4574 quid
1083 4497 1134 4557 est
1160 4492 1292 4558 tandem
1320 4514 1377 4557 cur

287 4613 326 4649 ru.
342 4613 490 4649 masculum
506 4614 638 4650 orvscffl
654 4616 694 4649 ΠΙ.
1128 4601 1163 4649 36
