<?xml version="1.0" encoding="UTF-8"?>
<!DOCTYPE html PUBLIC "-//W3C//DTD XHTML 1.0 Transitional//EN"
    "http://www.w3.org/TR/xhtml1/DTD/xhtml1-transitional.dtd">
<html xmlns="http://www.w3.org/1999/xhtml" xml:lang="en" lang="en">
 <head>
  <title>
</title>
<meta http-equiv="Content-Type" content="text/html;charset=utf-8" />
  <meta name='ocr-system' content='tesseract 3.04.00' />
  <meta name='ocr-capabilities' content='ocr_page ocr_carea ocr_par ocr_line ocrx_word'/>
</head>
<body>
  <div class='ocr_page' id='page_1' title='image "./fridericiritsch09wachgoog_0433.png"; bbox 0 0 3302 5106; ppageno 0'>
   <div class='ocr_carea' id='block_1_1' title="bbox 258 311 975 374">
    <p class='ocr_par' dir='ltr' id='par_1_1' title="bbox 258 311 975 374">
     <span class='ocr_line' id='line_1_1' title="bbox 258 311 975 374; baseline 0 -2"><span class='ocrx_word' id='word_1_1' title='bbox 258 311 324 374; x_wconf 88' lang='grc'><strong>408</strong></span> <span class='ocrx_word' id='word_1_2' title='bbox 681 325 729 371; x_wconf 85' lang='lat' dir='ltr'><strong>nn</strong></span> <span class='ocrx_word' id='word_1_3' title='bbox 753 325 787 372; x_wconf 88' lang='lat' dir='ltr'><strong>u.</strong></span> <span class='ocrx_word' id='word_1_4' title='bbox 802 325 975 372; x_wconf 77' lang='lat' dir='ltr'><strong>vnaaonus</strong></span> 
     </span>
    </p>
   </div>
   <div class='ocr_carea' id='block_1_2' title="bbox 46 463 1411 4396">
    <p class='ocr_par' dir='ltr' id='par_1_2' title="bbox 46 463 1411 4396">
     <span class='ocr_line' id='line_1_2' title="bbox 259 463 1401 558; baseline 0.002 -26"><span class='ocrx_word' id='word_1_5' title='bbox 259 469 411 553; x_wconf 88' lang='lat' dir='ltr'><strong>storicos,</strong></span> <span class='ocrx_word' id='word_1_6' title='bbox 443 467 638 558; x_wconf 72' lang='lat' dir='ltr'><strong>exposuisse.</strong></span> <span class='ocrx_word' id='word_1_7' title='bbox 685 463 809 534; x_wconf 79' lang='lat' dir='ltr'><strong>Contra</strong></span> <span class='ocrx_word' id='word_1_8' title='bbox 841 467 911 532; x_wconf 89' lang='lat' dir='ltr'><strong>fieri</strong></span> <span class='ocrx_word' id='word_1_9' title='bbox 942 467 1038 533; x_wconf 89' lang='lat' dir='ltr'><strong>facile</strong></span> <span class='ocrx_word' id='word_1_10' title='bbox 1070 473 1193 554; x_wconf 88' lang='lat' dir='ltr'><strong>potest,</strong></span> <span class='ocrx_word' id='word_1_11' title='bbox 1225 473 1262 535; x_wconf 92' lang='lat' dir='ltr'><strong>ut</strong></span> <span class='ocrx_word' id='word_1_12' title='bbox 1292 491 1401 534; x_wconf 90' lang='lat' dir='ltr'><strong>eorum</strong></span> 
     </span>
     <span class='ocr_line' id='line_1_3' title="bbox 240 573 1403 664; baseline 0.002 -26"><span class='ocrx_word' id='word_1_13' title='bbox 240 574 400 660; x_wconf 87' lang='lat' dir='ltr'><strong>&#39;quidam,</strong></span> <span class='ocrx_word' id='word_1_14' title='bbox 423 574 478 664; x_wconf 89' lang='lat' dir='ltr'><strong>qui</strong></span> <span class='ocrx_word' id='word_1_15' title='bbox 502 595 575 638; x_wconf 91' lang='lat' dir='ltr'><strong>cum</strong></span> <span class='ocrx_word' id='word_1_16' title='bbox 599 573 633 638; x_wconf 92' lang='lat' dir='ltr'><strong>in</strong></span> <span class='ocrx_word' id='word_1_17' title='bbox 657 573 730 638; x_wconf 88' lang='lat' dir='ltr'><strong>aliie</strong></span> <span class='ocrx_word' id='word_1_18' title='bbox 754 573 854 638; x_wconf 89' lang='lat' dir='ltr'><strong>locis</strong></span> <span class='ocrx_word' id='word_1_19' title='bbox 877 574 1141 640; x_wconf 89' lang='lat' dir='ltr'><strong>communibus</strong></span> <span class='ocrx_word' id='word_1_20' title='bbox 1162 573 1276 662; x_wconf 84' lang='lat' dir='ltr'><strong>(etiam</strong></span> <span class='ocrx_word' id='word_1_21' title='bbox 1296 577 1331 640; x_wconf 90' lang='lat' dir='ltr'><strong>in</strong></span> <span class='ocrx_word' id='word_1_22' title='bbox 1349 597 1403 660; x_wconf 90' lang='lat' dir='ltr'><strong>ge-</strong></span> 
     </span>
     <span class='ocr_line' id='line_1_4' title="bbox 258 679 1404 766; baseline 0 -20"><span class='ocrx_word' id='word_1_23' title='bbox 258 703 336 748; x_wconf 85' lang='lat' dir='ltr'>nere</span> <span class='ocrx_word' id='word_1_24' title='bbox 367 679 543 764; x_wconf 90' lang='lat' dir='ltr'><strong>historico)</strong></span> <span class='ocrx_word' id='word_1_25' title='bbox 575 684 756 766; x_wconf 84' lang='lat' dir='ltr'><strong>versentur,</strong></span> <span class='ocrx_word' id='word_1_26' title='bbox 791 680 859 744; x_wconf 86' lang='lat' dir='ltr'><strong>lere</strong></span> <span class='ocrx_word' id='word_1_27' title='bbox 890 703 950 765; x_wconf 91' lang='lat' dir='ltr'><strong>pro</strong></span> <span class='ocrx_word' id='word_1_28' title='bbox 982 682 1200 765; x_wconf 79' lang='lat' dir='ltr'><strong>peculiaribus</strong></span> <span class='ocrx_word' id='word_1_29' title='bbox 1232 683 1404 766; x_wconf 86' lang='lat' dir='ltr'><strong>habentur,</strong></span> 
     </span>
     <span class='ocr_line' id='line_1_5' title="bbox 259 787 1404 874; baseline 0.002 -22"><span class='ocrx_word' id='word_1_30' title='bbox 259 788 381 854; x_wconf 89' lang='lat' dir='ltr'><strong>fuerint</strong></span> <span class='ocrx_word' id='word_1_31' title='bbox 410 789 443 853; x_wconf 92' lang='lat' dir='ltr'><strong>in</strong></span> <span class='ocrx_word' id='word_1_32' title='bbox 472 787 735 873; x_wconf 90' lang='lat' dir='ltr'><strong>logistorioorum</strong></span> <span class='ocrx_word' id='word_1_33' title='bbox 756 808 900 854; x_wconf 89' lang='lat' dir='ltr'><strong>numero.</strong></span> <span class='ocrx_word' id='word_1_34' title='bbox 932 787 1032 854; x_wconf 88' lang='lat' dir='ltr'><strong>Velut</strong></span> <span class='ocrx_word' id='word_1_35' title='bbox 1056 811 1150 874; x_wconf 90' lang='lat' dir='ltr'><strong>quem</strong></span> <span class='ocrx_word' id='word_1_36' title='bbox 1175 811 1213 854; x_wconf 83' lang='lat' dir='ltr'><strong>ex</strong></span> <span class='ocrx_word' id='word_1_37' title='bbox 1229 789 1404 874; x_wconf 73' lang='lat' dir='ltr'><strong>Augustini</strong></span> 
     </span>
     <span class='ocr_line' id='line_1_6' title="bbox 207 893 1405 980; baseline 0.002 -22"><span class='ocrx_word' id='word_1_38' title='bbox 207 894 300 960; x_wconf 89' lang='lat' dir='ltr'><strong>vnde</strong></span> <span class='ocrx_word' id='word_1_39' title='bbox 323 895 383 960; x_wconf 87' lang='lat' dir='ltr'><strong>civ.</strong></span> <span class='ocrx_word' id='word_1_40' title='bbox 402 895 453 958; x_wconf 91' lang='lat' dir='ltr'><strong>dei</strong></span> <span class='ocrx_word' id='word_1_41' title='bbox 471 894 550 959; x_wconf 85' lang='lat' dir='ltr'><strong>XIX</strong></span> <span class='ocrx_word' id='word_1_42' title='bbox 573 894 643 958; x_wconf 88' lang='lat' dir='ltr'><strong>init.</strong></span> <span class='ocrx_word' id='word_1_43' title='bbox 665 893 813 958; x_wconf 84' lang='lat' dir='ltr'><strong>novimus</strong></span> <span class='ocrx_word' id='word_1_44' title='bbox 828 893 985 960; x_wconf 78' lang='lat' dir='ltr'><strong>Varronis</strong></span> <span class='ocrx_word' id='word_1_45' title='bbox 1008 897 1044 960; x_wconf 79' lang='lat' dir='ltr'><strong>de</strong></span> <span class='ocrx_word' id='word_1_46' title='bbox 1061 895 1258 979; x_wconf 74' lang='lat' dir='ltr'><strong>philosophia</strong></span> <span class='ocrx_word' id='word_1_47' title='bbox 1275 896 1405 980; x_wconf 92' lang='lat' dir='ltr'><strong>librum,</strong></span> 
     </span>
     <span class='ocr_line' id='line_1_7' title="bbox 260 1000 1403 1088; baseline 0 -22"><span class='ocrx_word' id='word_1_48' title='bbox 260 1002 301 1066; x_wconf 92' lang='lat' dir='ltr'><strong>ab</strong></span> <span class='ocrx_word' id='word_1_49' title='bbox 330 1002 461 1066; x_wconf 91' lang='lat' dir='ltr'><strong>illorum</strong></span> <span class='ocrx_word' id='word_1_50' title='bbox 489 1000 702 1066; x_wconf 90' lang='lat' dir='ltr'><strong>similitudine</strong></span> <span class='ocrx_word' id='word_1_51' title='bbox 729 1001 876 1086; x_wconf 89' lang='lat' dir='ltr'><strong>profecto</strong></span> <span class='ocrx_word' id='word_1_52' title='bbox 903 1024 970 1067; x_wconf 90' lang='lat' dir='ltr'><strong>non</strong></span> <span class='ocrx_word' id='word_1_53' title='bbox 998 1003 1102 1088; x_wconf 85' lang='lat' dir='ltr'><strong>magis</strong></span> <span class='ocrx_word' id='word_1_54' title='bbox 1130 1003 1285 1068; x_wconf 88' lang='lat' dir='ltr'><strong>abhorret</strong></span> <span class='ocrx_word' id='word_1_55' title='bbox 1306 1025 1403 1086; x_wconf 89' lang='lat' dir='ltr'><strong>quam</strong></span> 
     </span>
     <span class='ocr_line' id='line_1_8' title="bbox 261 1107 1404 1194; baseline 0.001 -21"><span class='ocrx_word' id='word_1_56' title='bbox 261 1109 316 1194; x_wconf 90' lang='lat' dir='ltr'><strong>qui</strong></span> <span class='ocrx_word' id='word_1_57' title='bbox 344 1109 408 1173; x_wconf 86' lang='lat' dir='ltr'><strong>fuit</strong></span> <span class='ocrx_word' id='word_1_58' title='bbox 435 1110 471 1174; x_wconf 80' lang='lat' dir='ltr'><strong>de</strong></span> <span class='ocrx_word' id='word_1_59' title='bbox 498 1107 641 1186; x_wconf 70' lang='lat' dir='ltr'><strong>historia,</strong></span> <span class='ocrx_word' id='word_1_60' title='bbox 674 1108 714 1172; x_wconf 86' lang='lat' dir='ltr'><strong>ab</strong></span> <span class='ocrx_word' id='word_1_61' title='bbox 738 1107 922 1192; x_wconf 81' lang='lat' dir='ltr'><strong>Augustino</strong></span> <span class='ocrx_word' id='word_1_62' title='bbox 951 1115 1060 1174; x_wconf 90' lang='lat' dir='ltr'><strong>autem</strong></span> <span class='ocrx_word' id='word_1_63' title='bbox 1085 1109 1207 1175; x_wconf 88' lang='lat' dir='ltr'><strong>omissa</strong></span> <span class='ocrx_word' id='word_1_64' title='bbox 1230 1109 1333 1174; x_wconf 87' lang='lat' dir='ltr'><strong>altera</strong></span> <span class='ocrx_word' id='word_1_65' title='bbox 1355 1109 1404 1174; x_wconf 91' lang='lat' dir='ltr'><strong>in·</strong></span> 
     </span>
     <span class='ocr_line' id='line_1_9' title="bbox 261 1215 1404 1301; baseline 0 -21"><span class='ocrx_word' id='word_1_66' title='bbox 261 1215 447 1300; x_wconf 78' lang='lat' dir='ltr'><strong>scriptionis</strong></span> <span class='ocrx_word' id='word_1_67' title='bbox 475 1219 568 1299; x_wconf 87' lang='lat' dir='ltr'><strong>parte</strong></span> <span class='ocrx_word' id='word_1_68' title='bbox 596 1215 719 1299; x_wconf 89' lang='lat' dir='ltr'><strong>pariter</strong></span> <span class='ocrx_word' id='word_1_69' title='bbox 743 1216 987 1280; x_wconf 88' lang='lat' dir='ltr'><strong>commemorari</strong></span> <span class='ocrx_word' id='word_1_70' title='bbox 1011 1217 1121 1299; x_wconf 91' lang='lat' dir='ltr'><strong>potuit</strong></span> <span class='ocrx_word' id='word_1_71' title='bbox 1144 1221 1241 1301; x_wconf 87' lang='lat' dir='ltr'><strong>atque</strong></span> <span class='ocrx_word' id='word_1_72' title='bbox 1264 1218 1300 1281; x_wconf 81' lang='lat' dir='ltr'><strong>de</strong></span> <span class='ocrx_word' id='word_1_73' title='bbox 1321 1217 1404 1281; x_wconf 82' lang='lat' dir='ltr'><strong>calta</strong></span> 
     </span>
     <span class='ocr_line' id='line_1_10' title="bbox 259 1319 1403 1408; baseline 0.002 -22"><span class='ocrx_word' id='word_1_74' title='bbox 259 1323 385 1387; x_wconf 77' lang='lat' dir='ltr'><strong>dacrion</strong></span> <span class='ocrx_word' id='word_1_75' title='bbox 415 1322 478 1386; x_wconf 90' lang='lat' dir='ltr'><strong>ille.</strong></span> <span class='ocrx_word' id='word_1_76' title='bbox 525 1319 588 1386; x_wconf 82' lang='lat' dir='ltr'><strong>Sed</strong></span> <span class='ocrx_word' id='word_1_77' title='bbox 616 1323 653 1388; x_wconf 78' lang='lat' dir='ltr'><strong>de</strong></span> <span class='ocrx_word' id='word_1_78' title='bbox 681 1343 786 1386; x_wconf 81' lang='lat' dir='ltr'><strong>reram</strong></span> <span class='ocrx_word' id='word_1_79' title='bbox 815 1327 932 1386; x_wconf 81' lang='lat' dir='ltr'><strong>actura</strong></span> <span class='ocrx_word' id='word_1_80' title='bbox 963 1323 1048 1406; x_wconf 91' lang='lat' dir='ltr'><strong>quod</strong></span> <span class='ocrx_word' id='word_1_81' title='bbox 1078 1322 1303 1408; x_wconf 80' lang='lat' dir='ltr'><strong>logistoricum</strong></span> <span class='ocrx_word' id='word_1_82' title='bbox 1334 1344 1403 1388; x_wconf 88' lang='lat' dir='ltr'><strong>esse</strong></span> 
     </span>
     <span class='ocr_line' id='line_1_11' title="bbox 261 1427 1405 1513; baseline -0.001 -20"><span class='ocrx_word' id='word_1_83' title='bbox 261 1451 333 1494; x_wconf 92' lang='lat' dir='ltr'><strong>cum</strong></span> <span class='ocrx_word' id='word_1_84' title='bbox 356 1427 481 1513; x_wconf 90' lang='lat' dir='ltr'><strong>Popma</strong></span> <span class='ocrx_word' id='word_1_85' title='bbox 503 1427 671 1492; x_wconf 81' lang='lat' dir='ltr'><strong>Fabricius</strong></span> <span class='ocrx_word' id='word_1_86' title='bbox 691 1427 775 1492; x_wconf 93' lang='lat' dir='ltr'><strong>Bibl.</strong></span> <span class='ocrx_word' id='word_1_87' title='bbox 790 1429 878 1494; x_wconf 90' lang='lat' dir='ltr'><strong>lat.I</strong></span> <span class='ocrx_word' id='word_1_88' title='bbox 896 1451 926 1512; x_wconf 93' lang='lat' dir='ltr'><strong>p.</strong></span> <span class='ocrx_word' id='word_1_89' title='bbox 940 1429 1003 1492; x_wconf 85' lang='lat'><strong>130</strong></span> <span class='ocrx_word' id='word_1_90' title='bbox 1026 1429 1137 1512; x_wconf 89' lang='lat' dir='ltr'><strong>voluit,</strong></span> <span class='ocrx_word' id='word_1_91' title='bbox 1159 1429 1266 1494; x_wconf 86' lang='lat' dir='ltr'><strong>fraudi</strong></span> <span class='ocrx_word' id='word_1_92' title='bbox 1290 1430 1320 1494; x_wconf 90' lang='lat' dir='ltr'><strong>ei</strong></span> <span class='ocrx_word' id='word_1_93' title='bbox 1343 1429 1405 1494; x_wconf 90' lang='lat' dir='ltr'><strong>fuit</strong></span> 
     </span>
     <span class='ocr_line' id='line_1_12' title="bbox 259 1534 1404 1620; baseline 0 -20"><span class='ocrx_word' id='word_1_94' title='bbox 259 1534 360 1601; x_wconf 92' lang='lat' dir='ltr'><strong>Nonii</strong></span> <span class='ocrx_word' id='word_1_95' title='bbox 384 1535 534 1600; x_wconf 89' lang='lat' dir='ltr'><strong>mendum</strong></span> <span class='ocrx_word' id='word_1_96' title='bbox 557 1557 587 1618; x_wconf 88' lang='lat' dir='ltr'><strong>p.</strong></span> <span class='ocrx_word' id='word_1_97' title='bbox 611 1536 686 1619; x_wconf 76' lang='lat'><strong>477,</strong></span> <span class='ocrx_word' id='word_1_98' title='bbox 709 1535 765 1600; x_wconf 92' lang='lat' dir='ltr'><strong>ubi</strong></span> <span class='ocrx_word' id='word_1_99' title='bbox 791 1536 828 1600; x_wconf 77' lang='lat' dir='ltr'><strong>de</strong></span> <span class='ocrx_word' id='word_1_100' title='bbox 854 1555 887 1601; x_wconf 82' lang='lat' dir='ltr'><strong>re</strong></span> <span class='ocrx_word' id='word_1_101' title='bbox 908 1537 1025 1600; x_wconf 82' lang='lat' dir='ltr'><strong>rustica</strong></span> <span class='ocrx_word' id='word_1_102' title='bbox 1048 1535 1098 1600; x_wconf 76' lang='lat' dir='ltr'><strong>la.</strong></span> <span class='ocrx_word' id='word_1_103' title='bbox 1121 1536 1146 1600; x_wconf 92' lang='lat' dir='ltr'><em>I</em></span> <span class='ocrx_word' id='word_1_104' title='bbox 1165 1541 1251 1601; x_wconf 88' lang='lat' dir='ltr'><strong>recte</strong></span> <span class='ocrx_word' id='word_1_105' title='bbox 1274 1536 1404 1620; x_wconf 90' lang='lat' dir='ltr'><strong>Lipsius</strong></span> 
     </span>
     <span class='ocr_line' id='line_1_13' title="bbox 259 1641 1405 1727; baseline 0.001 -21"><span class='ocrx_word' id='word_1_106' title='bbox 259 1644 410 1708; x_wconf 86' lang='lat' dir='ltr'><strong>restituit.</strong></span> <span class='ocrx_word' id='word_1_107' title='bbox 438 1641 488 1708; x_wconf 85' lang='lat' dir='ltr'><strong>Dc</strong></span> <span class='ocrx_word' id='word_1_108' title='bbox 506 1643 658 1706; x_wconf 69' lang='lat' dir='ltr'><strong>camuris</strong></span> <span class='ocrx_word' id='word_1_109' title='bbox 677 1646 796 1726; x_wconf 89' lang='lat' dir='ltr'><strong>autem,</strong></span> <span class='ocrx_word' id='word_1_110' title='bbox 815 1665 856 1707; x_wconf 91' lang='lat' dir='ltr'><strong>ne</strong></span> <span class='ocrx_word' id='word_1_111' title='bbox 875 1642 951 1727; x_wconf 89' lang='lat' dir='ltr'><strong>quid</strong></span> <span class='ocrx_word' id='word_1_112' title='bbox 970 1643 1009 1707; x_wconf 89' lang='lat' dir='ltr'><strong>de</strong></span> <span class='ocrx_word' id='word_1_113' title='bbox 1028 1642 1090 1708; x_wconf 87' lang='lat' dir='ltr'><strong>hoc</strong></span> <span class='ocrx_word' id='word_1_114' title='bbox 1109 1643 1215 1707; x_wconf 88' lang='lat' dir='ltr'><strong>simile</strong></span> <span class='ocrx_word' id='word_1_115' title='bbox 1234 1643 1405 1727; x_wconf 84' lang='lat' dir='ltr'><strong>suspicere,</strong></span> 
     </span>
     <span class='ocr_line' id='line_1_14' title="bbox 258 1749 1404 1835; baseline 0 -21"><span class='ocrx_word' id='word_1_116' title='bbox 258 1771 324 1815; x_wconf 90' lang='lat' dir='ltr'><strong>non</strong></span> <span class='ocrx_word' id='word_1_117' title='bbox 343 1750 449 1835; x_wconf 88' lang='lat' dir='ltr'><strong>magis</strong></span> <span class='ocrx_word' id='word_1_118' title='bbox 467 1749 531 1814; x_wconf 85' lang='lat' dir='ltr'><strong>fuit</strong></span> <span class='ocrx_word' id='word_1_119' title='bbox 549 1749 758 1834; x_wconf 88' lang='lat' dir='ltr'><strong>logistoricus</strong></span> <span class='ocrx_word' id='word_1_120' title='bbox 777 1749 952 1832; x_wconf 89' lang='lat' dir='ltr'><strong>inscriptus</strong></span> <span class='ocrx_word' id='word_1_121' title='bbox 971 1772 1069 1835; x_wconf 90' lang='lat' dir='ltr'><strong>quam</strong></span> <span class='ocrx_word' id='word_1_122' title='bbox 1087 1750 1123 1814; x_wconf 82' lang='lat' dir='ltr'><strong>de</strong></span> <span class='ocrx_word' id='word_1_123' title='bbox 1144 1751 1299 1814; x_wconf 64' lang='lat' dir='ltr'><strong>nuciam:</strong></span> <span class='ocrx_word' id='word_1_124' title='bbox 1318 1749 1404 1834; x_wconf 90' lang='lat' dir='ltr'><strong>quod</strong></span> 
     </span>
     <span class='ocr_line' id='line_1_15' title="bbox 259 1855 1405 1940; baseline 0.001 -20"><span class='ocrx_word' id='word_1_125' title='bbox 259 1857 339 1921; x_wconf 88' lang='lat' dir='ltr'><strong>item</strong></span> <span class='ocrx_word' id='word_1_126' title='bbox 358 1857 422 1920; x_wconf 87' lang='lat' dir='ltr'><strong>alio</strong></span> <span class='ocrx_word' id='word_1_127' title='bbox 442 1857 513 1922; x_wconf 89' lang='lat' dir='ltr'><strong>loco</strong></span> <span class='ocrx_word' id='word_1_128' title='bbox 532 1857 626 1940; x_wconf 89' lang='lat' dir='ltr'><strong>quale</strong></span> <span class='ocrx_word' id='word_1_129' title='bbox 641 1856 686 1920; x_wconf 87' lang='lat' dir='ltr'><strong>sit</strong></span> <span class='ocrx_word' id='word_1_130' title='bbox 699 1856 928 1938; x_wconf 80' lang='lat' dir='ltr'><strong>explanabitur</strong></span> <span class='ocrx_word' id='word_1_131' title='bbox 944 1855 1229 1940; x_wconf 85' lang='lat' dir='ltr'><strong>[v.suprap.361].</strong></span> <span class='ocrx_word' id='word_1_132' title='bbox 1253 1855 1405 1922; x_wconf 91' lang='lat' dir='ltr'><strong>Omnino·</strong></span> 
     </span>
     <span class='ocr_line' id='line_1_16' title="bbox 261 1959 1404 2046; baseline 0.002 -21"><span class='ocrx_word' id='word_1_133' title='bbox 261 1983 323 2046; x_wconf 88' lang='lat' dir='ltr'><strong>que</strong></span> <span class='ocrx_word' id='word_1_134' title='bbox 345 1961 465 2026; x_wconf 87' lang='lat' dir='ltr'><strong>nimius</strong></span> <span class='ocrx_word' id='word_1_135' title='bbox 488 1961 552 2025; x_wconf 86' lang='lat' dir='ltr'><strong>fuit</strong></span> <span class='ocrx_word' id='word_1_136' title='bbox 565 1959 727 2024; x_wconf 89' lang='lat' dir='ltr'><strong>Mercerus</strong></span> <span class='ocrx_word' id='word_1_137' title='bbox 747 1959 939 2026; x_wconf 76' lang='lat' dir='ltr'><strong>ira-Nonium</strong></span> <span class='ocrx_word' id='word_1_138' title='bbox 959 1963 1005 2026; x_wconf 89' lang='lat' dir='ltr'><strong>sic</strong></span> <span class='ocrx_word' id='word_1_139' title='bbox 1025 1965 1261 2028; x_wconf 88' lang='lat' dir='ltr'><strong>commentatus</strong></span> <span class='ocrx_word' id='word_1_140' title='bbox 1285 1964 1404 2046; x_wconf 58' lang='lat' dir='ltr'><strong>paro:</strong></span> 
     </span>
     <span class='ocr_line' id='line_1_17' title="bbox 267 2066 1406 2152; baseline 0.004 -22"><span class='ocrx_word' id='word_1_141' title='bbox 267 2067 418 2133; x_wconf 81' lang='lat' dir='ltr'><strong>Varronis</strong></span> <span class='ocrx_word' id='word_1_142' title='bbox 448 2067 519 2133; x_wconf 76' lang='lat' dir='ltr'><strong>libri</strong></span> <span class='ocrx_word' id='word_1_143' title='bbox 549 2086 652 2132; x_wconf 76' lang='lat' dir='ltr'><strong>omnes</strong></span> <span class='ocrx_word' id='word_1_144' title='bbox 683 2066 848 2149; x_wconf 71' lang='lat' dir='ltr'><strong>lopistorici</strong></span> <span class='ocrx_word' id='word_1_145' title='bbox 877 2073 934 2132; x_wconf 76' lang='lat' dir='ltr'><strong>aar</strong></span> <span class='ocrx_word' id='word_1_146' title='bbox 954 2069 1150 2152; x_wconf 62' lang='lat' dir='ltr'><strong>Menippea,</strong></span> <span class='ocrx_word' id='word_1_147' title='bbox 1183 2072 1313 2152; x_wconf 71' lang='lat' dir='ltr'><strong>exceptis</strong></span> <span class='ocrx_word' id='word_1_148' title='bbox 1341 2069 1406 2134; x_wconf 87' lang='lat' dir='ltr'><strong>illis</strong></span> 
     </span>
     <span class='ocr_line' id='line_1_18' title="bbox 260 2171 1407 2260; baseline 0.002 -22"><span class='ocrx_word' id='word_1_149' title='bbox 260 2175 401 2256; x_wconf 76' lang='lat' dir='ltr'><strong>operibus</strong></span> <span class='ocrx_word' id='word_1_150' title='bbox 419 2174 510 2239; x_wconf 74' lang='lat' dir='ltr'><strong>iustis</strong></span> <span class='ocrx_word' id='word_1_151' title='bbox 527 2179 556 2239; x_wconf 85' lang='lat' dir='ltr'><strong>et</strong></span> <span class='ocrx_word' id='word_1_152' title='bbox 573 2173 704 2257; x_wconf 71' lang='lat' dir='ltr'><strong>mappis,</strong></span> <span class='ocrx_word' id='word_1_153' title='bbox 726 2171 970 2257; x_wconf 67' lang='lat' dir='ltr'><strong>Aritrpaitatum,</strong></span> <span class='ocrx_word' id='word_1_154' title='bbox 992 2175 1029 2237; x_wconf 85' lang='lat' dir='ltr'><strong>de</strong></span> <span class='ocrx_word' id='word_1_155' title='bbox 1046 2194 1080 2237; x_wconf 87' lang='lat' dir='ltr'><strong>rc</strong></span> <span class='ocrx_word' id='word_1_156' title='bbox 1097 2177 1222 2254; x_wconf 66' lang='lat' dir='ltr'><strong>aalma,</strong></span> <span class='ocrx_word' id='word_1_157' title='bbox 1244 2177 1280 2240; x_wconf 87' lang='lat' dir='ltr'><strong>de</strong></span> <span class='ocrx_word' id='word_1_158' title='bbox 1299 2178 1407 2260; x_wconf 67' lang='lat' dir='ltr'><strong>liupila</strong></span> 
     </span>
     <span class='ocr_line' id='line_1_19' title="bbox 261 2278 1403 2367; baseline 0.001 -20"><span class='ocrx_word' id='word_1_159' title='bbox 261 2282 370 2366; x_wconf 78' lang='lat' dir='ltr'><strong>latino,</strong></span> <span class='ocrx_word' id='word_1_160' title='bbox 393 2287 422 2347; x_wconf 85' lang='lat' dir='ltr'><strong>ct</strong></span> <span class='ocrx_word' id='word_1_161' title='bbox 442 2283 472 2348; x_wconf 86' lang='lat' dir='ltr'><strong>si</strong></span> <span class='ocrx_word' id='word_1_162' title='bbox 493 2303 571 2364; x_wconf 78' lang='lat' dir='ltr'><strong>qaae</strong></span> <span class='ocrx_word' id='word_1_163' title='bbox 592 2282 742 2347; x_wconf 82' lang='lat' dir='ltr'><strong>eiusmodi</strong></span> <span class='ocrx_word' id='word_1_164' title='bbox 764 2279 815 2367; x_wconf 83' lang='lat' dir='ltr'><strong>(ut</strong></span> <span class='ocrx_word' id='word_1_165' title='bbox 839 2278 1104 2365; x_wconf 87' lang='lat' dir='ltr'><strong>Disciplinarum,</strong></span> <span class='ocrx_word' id='word_1_166' title='bbox 1128 2283 1165 2346; x_wconf 91' lang='lat' dir='ltr'><strong>de</strong></span> <span class='ocrx_word' id='word_1_167' title='bbox 1190 2304 1338 2348; x_wconf 89' lang='lat' dir='ltr'><strong>sermone</strong></span> <span class='ocrx_word' id='word_1_168' title='bbox 1360 2283 1403 2348; x_wconf 88' lang='lat' dir='ltr'><strong>la·</strong></span> 
     </span>
     <span class='ocr_line' id='line_1_20' title="bbox 260 2387 1406 2475; baseline -0.002 -21"><span class='ocrx_word' id='word_1_169' title='bbox 260 2388 354 2475; x_wconf 91' lang='lat' dir='ltr'><strong>tino).</strong></span> <span class='ocrx_word' id='word_1_170' title='bbox 399 2389 534 2454; x_wconf 88' lang='lat' dir='ltr'><strong>Praeter</strong></span> <span class='ocrx_word' id='word_1_171' title='bbox 562 2392 670 2454; x_wconf 88' lang='lat' dir='ltr'><strong>cetera</strong></span> <span class='ocrx_word' id='word_1_172' title='bbox 698 2391 807 2454; x_wconf 84' lang='lat' dir='ltr'><strong>autern</strong></span> <span class='ocrx_word' id='word_1_173' title='bbox 834 2387 914 2452; x_wconf 87' lang='lat' dir='ltr'><strong>illud</strong></span> <span class='ocrx_word' id='word_1_174' title='bbox 942 2387 977 2452; x_wconf 89' lang='lat' dir='ltr'><strong>in</strong></span> <span class='ocrx_word' id='word_1_175' title='bbox 1004 2387 1065 2452; x_wconf 90' lang='lat' dir='ltr'><strong>hoc</strong></span> <span class='ocrx_word' id='word_1_176' title='bbox 1089 2407 1205 2472; x_wconf 89' lang='lat' dir='ltr'><strong>genere</strong></span> <span class='ocrx_word' id='word_1_177' title='bbox 1232 2388 1406 2454; x_wconf 88' lang='lat' dir='ltr'><strong>tenendum</strong></span> 
     </span>
     <span class='ocr_line' id='line_1_21' title="bbox 261 2494 1405 2578; baseline 0.003 -19"><span class='ocrx_word' id='word_1_178' title='bbox 261 2499 321 2578; x_wconf 89' lang='lat' dir='ltr'><strong>est,</strong></span> <span class='ocrx_word' id='word_1_179' title='bbox 345 2494 539 2576; x_wconf 85' lang='lat' dir='ltr'><strong>ampliorum</strong></span> <span class='ocrx_word' id='word_1_180' title='bbox 563 2495 879 2578; x_wconf 86' lang='lat' dir='ltr'><strong>commentariorum,</strong></span> <span class='ocrx_word' id='word_1_181' title='bbox 902 2494 933 2559; x_wconf 91' lang='lat' dir='ltr'><strong>h.</strong></span> <span class='ocrx_word' id='word_1_182' title='bbox 957 2516 983 2558; x_wconf 89' lang='lat' dir='ltr'><strong>e.</strong></span> <span class='ocrx_word' id='word_1_183' title='bbox 1006 2495 1220 2576; x_wconf 79' lang='grc' dir='ltr'>πολυβίβλων,</span> <span class='ocrx_word' id='word_1_184' title='bbox 1243 2505 1308 2560; x_wconf 78' lang='lat' dir='ltr'><strong>non</strong></span> <span class='ocrx_word' id='word_1_185' title='bbox 1331 2518 1405 2562; x_wconf 92' lang='lat' dir='ltr'><strong>raro</strong></span> 
     </span>
     <span class='ocr_line' id='line_1_22' title="bbox 262 2600 1406 2686; baseline 0.002 -22"><span class='ocrx_word' id='word_1_186' title='bbox 262 2600 408 2684; x_wconf 88' lang='lat' dir='ltr'><strong>singulos</strong></span> <span class='ocrx_word' id='word_1_187' title='bbox 439 2600 542 2664; x_wconf 91' lang='lat' dir='ltr'><strong>libros</strong></span> <span class='ocrx_word' id='word_1_188' title='bbox 573 2600 730 2685; x_wconf 88' lang='lat' dir='ltr'><strong>singulari</strong></span> <span class='ocrx_word' id='word_1_189' title='bbox 761 2601 866 2666; x_wconf 85' lang='lat' dir='ltr'><strong>iudice</strong></span> <span class='ocrx_word' id='word_1_190' title='bbox 895 2601 1017 2666; x_wconf 88' lang='lat' dir='ltr'><strong>notari:</strong></span> <span class='ocrx_word' id='word_1_191' title='bbox 1050 2602 1142 2667; x_wconf 88' lang='lat' dir='ltr'><strong>cuius</strong></span> <span class='ocrx_word' id='word_1_192' title='bbox 1172 2603 1219 2666; x_wconf 88' lang='lat' dir='ltr'><strong>rei</strong></span> <span class='ocrx_word' id='word_1_193' title='bbox 1249 2603 1406 2686; x_wconf 87' lang='lat' dir='ltr'><strong>exemplis</strong></span> 
     </span>
     <span class='ocr_line' id='line_1_23' title="bbox 262 2705 1406 2793; baseline 0.003 -21"><span class='ocrx_word' id='word_1_194' title='bbox 262 2707 327 2772; x_wconf 91' lang='lat' dir='ltr'><strong>iam</strong></span> <span class='ocrx_word' id='word_1_195' title='bbox 356 2708 398 2772; x_wconf 90' lang='lat' dir='ltr'><strong>ab</strong></span> <span class='ocrx_word' id='word_1_196' title='bbox 426 2707 499 2772; x_wconf 87' lang='lat' dir='ltr'><strong>aliis</strong></span> <span class='ocrx_word' id='word_1_197' title='bbox 526 2705 704 2791; x_wconf 89' lang='lat' dir='ltr'><strong>propositis</strong></span> <span class='ocrx_word' id='word_1_198' title='bbox 731 2728 816 2772; x_wconf 89' lang='lat' dir='ltr'><strong>nova</strong></span> <span class='ocrx_word' id='word_1_199' title='bbox 843 2708 1001 2792; x_wconf 88' lang='lat' dir='ltr'><strong>quaedam</strong></span> <span class='ocrx_word' id='word_1_200' title='bbox 1028 2707 1102 2774; x_wconf 87' lang='lat' dir='ltr'><strong>addi</strong></span> <span class='ocrx_word' id='word_1_201' title='bbox 1125 2730 1221 2793; x_wconf 89' lang='lat' dir='ltr'><strong>posse</strong></span> <span class='ocrx_word' id='word_1_202' title='bbox 1244 2713 1406 2792; x_wconf 87' lang='lat' dir='ltr'><strong>putamus.</strong></span> 
     </span>
     <span class='ocr_line' id='line_1_24' title="bbox 262 2813 1403 2898; baseline 0.001 -18"><span class='ocrx_word' id='word_1_203' title='bbox 262 2816 350 2892; x_wconf 76' lang='lat' dir='ltr'><strong>(luae</strong></span> <span class='ocrx_word' id='word_1_204' title='bbox 383 2815 492 2880; x_wconf 86' lang='lat' dir='ltr'><strong>omnia</strong></span> <span class='ocrx_word' id='word_1_205' title='bbox 524 2813 700 2898; x_wconf 88' lang='lat' dir='ltr'><strong>diligenter</strong></span> <span class='ocrx_word' id='word_1_206' title='bbox 731 2817 883 2898; x_wconf 89' lang='lat' dir='ltr'><strong>reputata</strong></span> <span class='ocrx_word' id='word_1_207' title='bbox 914 2815 1039 2880; x_wconf 84' lang='lat' dir='ltr'><strong>faciunt</strong></span> <span class='ocrx_word' id='word_1_208' title='bbox 1070 2818 1107 2880; x_wconf 88' lang='lat' dir='ltr'><strong>ut</strong></span> <span class='ocrx_word' id='word_1_209' title='bbox 1137 2816 1172 2879; x_wconf 92' lang='lat' dir='ltr'><strong>in</strong></span> <span class='ocrx_word' id='word_1_210' title='bbox 1204 2817 1403 2881; x_wconf 83' lang='lat' dir='ltr'><strong>enumeratis</strong></span> 
     </span>
     <span class='ocr_line' id='line_1_25' title="bbox 263 2920 1404 3006; baseline 0 -20"><span class='ocrx_word' id='word_1_211' title='bbox 263 2945 362 3006; x_wconf 91' lang='lat' dir='ltr'><strong>supra</strong></span> <span class='ocrx_word' id='word_1_212' title='bbox 384 2920 584 3006; x_wconf 88' lang='lat' dir='ltr'><strong>logistoricis</strong></span> <span class='ocrx_word' id='word_1_213' title='bbox 607 2920 823 2986; x_wconf 84' lang='lat' dir='ltr'><strong>subsistamus</strong></span> <span class='ocrx_word' id='word_1_214' title='bbox 848 2943 884 2986; x_wconf 89' lang='lat' dir='ltr'><strong>ac</strong></span> <span class='ocrx_word' id='word_1_215' title='bbox 907 2943 947 2986; x_wconf 90' lang='lat' dir='ltr'><strong>ne</strong></span> <span class='ocrx_word' id='word_1_216' title='bbox 966 2921 1151 2986; x_wconf 89' lang='lat' dir='ltr'><strong>coniectura</strong></span> <span class='ocrx_word' id='word_1_217' title='bbox 1171 2922 1299 3006; x_wconf 89' lang='lat' dir='ltr'><strong>quidem</strong></span> <span class='ocrx_word' id='word_1_218' title='bbox 1318 2923 1404 2986; x_wconf 86' lang='lat' dir='ltr'><strong>ultra</strong></span> 
     </span>
     <span class='ocr_line' id='line_1_26' title="bbox 263 3019 1402 3111; baseline -0.001 -18"><span class='ocrx_word' id='word_1_219' title='bbox 263 3029 394 3093; x_wconf 90' lang='lat' dir='ltr'><strong>illorum</strong></span> <span class='ocrx_word' id='word_1_220' title='bbox 417 3027 498 3090; x_wconf 88' lang='lat' dir='ltr'><strong>fines</strong></span> <span class='ocrx_word' id='word_1_221' title='bbox 522 3045 705 3111; x_wconf 84' lang='lat' dir='ltr'><strong>evagemur.</strong></span> <span class='ocrx_word' id='word_1_222' title='bbox 750 3025 930 3092; x_wconf 88' lang='lat' dir='ltr'><strong>Barthiana</strong></span> <span class='ocrx_word' id='word_1_223' title='bbox 953 3027 1039 3092; x_wconf 89' lang='lat' dir='ltr'><strong>enim</strong></span> <span class='ocrx_word' id='word_1_224' title='bbox 1062 3019 1245 3094; x_wconf 83' lang='lat' dir='ltr'><strong>commenta</strong></span> <span class='ocrx_word' id='word_1_225' title='bbox 1269 3029 1402 3093; x_wconf 87' lang='lat' dir='ltr'><strong>Advers.</strong></span> 
     </span>
     <span class='ocr_line' id='line_1_27' title="bbox 263 3131 1362 3219; baseline -0.001 -20"><span class='ocrx_word' id='word_1_226' title='bbox 263 3133 359 3219; x_wconf 87' lang='lat' dir='ltr'><strong>VI,6</strong></span> <span class='ocrx_word' id='word_1_227' title='bbox 383 3154 424 3198; x_wconf 86' lang='lat' dir='ltr'><strong>ue</strong></span> <span class='ocrx_word' id='word_1_228' title='bbox 447 3133 547 3217; x_wconf 86' lang='lat' dir='ltr'><strong>digna</strong></span> <span class='ocrx_word' id='word_1_229' title='bbox 570 3131 701 3216; x_wconf 91' lang='lat' dir='ltr'><strong>quidem</strong></span> <span class='ocrx_word' id='word_1_230' title='bbox 724 3132 820 3197; x_wconf 89' lang='lat' dir='ltr'><strong>hodie</strong></span> <span class='ocrx_word' id='word_1_231' title='bbox 844 3155 926 3217; x_wconf 89' lang='lat' dir='ltr'><strong>quae</strong></span> <span class='ocrx_word' id='word_1_232' title='bbox 950 3133 1141 3216; x_wconf 86' lang='lat' dir='ltr'><strong>explicatius</strong></span> <span class='ocrx_word' id='word_1_233' title='bbox 1164 3135 1362 3200; x_wconf 84' lang='lat' dir='ltr'><strong>refellantur.</strong></span> 
     </span>
     <span class='ocr_line' id='line_1_28' title="bbox 351 3236 1406 3323; baseline 0.001 -20"><span class='ocrx_word' id='word_1_234' title='bbox 351 3237 505 3323; x_wconf 83' lang='lat' dir='ltr'><strong>Sequitur</strong></span> <span class='ocrx_word' id='word_1_235' title='bbox 532 3242 569 3302; x_wconf 92' lang='lat' dir='ltr'><strong>ut</strong></span> <span class='ocrx_word' id='word_1_236' title='bbox 596 3236 634 3301; x_wconf 89' lang='lat' dir='ltr'><strong>de</strong></span> <span class='ocrx_word' id='word_1_237' title='bbox 663 3237 830 3322; x_wconf 89' lang='lat' dir='ltr'><strong>inscriptis</strong></span> <span class='ocrx_word' id='word_1_238' title='bbox 857 3237 1025 3303; x_wconf 90' lang='lat' dir='ltr'><strong>hominum</strong></span> <span class='ocrx_word' id='word_1_239' title='bbox 1052 3242 1239 3307; x_wconf 91' lang='lat' dir='ltr'><strong>nominibus</strong></span> <span class='ocrx_word' id='word_1_240' title='bbox 1267 3241 1406 3305; x_wconf 88' lang='lat' dir='ltr'><strong>breviter</strong></span> 
     </span>
     <span class='ocr_line' id='line_1_29' title="bbox 263 3343 1407 3432; baseline 0 -21"><span class='ocrx_word' id='word_1_241' title='bbox 263 3347 459 3430; x_wconf 86' lang='lat' dir='ltr'><strong>disputetur:</strong></span> <span class='ocrx_word' id='word_1_242' title='bbox 492 3344 548 3410; x_wconf 88' lang='lat' dir='ltr'><strong>sed</strong></span> <span class='ocrx_word' id='word_1_243' title='bbox 571 3343 714 3409; x_wconf 87' lang='lat' dir='ltr'><strong>breviter</strong></span> <span class='ocrx_word' id='word_1_244' title='bbox 737 3347 773 3409; x_wconf 85' lang='lat' dir='ltr'><strong>ut</strong></span> <span class='ocrx_word' id='word_1_245' title='bbox 796 3344 831 3410; x_wconf 91' lang='lat' dir='ltr'><strong>in</strong></span> <span class='ocrx_word' id='word_1_246' title='bbox 854 3366 889 3410; x_wconf 90' lang='lat' dir='ltr'><strong>re</strong></span> <span class='ocrx_word' id='word_1_247' title='bbox 912 3349 1039 3430; x_wconf 88' lang='lat' dir='ltr'><strong>aperta,</strong></span> <span class='ocrx_word' id='word_1_248' title='bbox 1069 3369 1167 3431; x_wconf 86' lang='lat' dir='ltr'><strong>quam</strong></span> <span class='ocrx_word' id='word_1_249' title='bbox 1191 3369 1249 3412; x_wconf 78' lang='lat' dir='ltr'><strong>suo</strong></span> <span class='ocrx_word' id='word_1_250' title='bbox 1273 3347 1407 3432; x_wconf 85' lang='lat' dir='ltr'><strong>quisque</strong></span> 
     </span>
     <span class='ocr_line' id='line_1_30' title="bbox 263 3451 1407 3540; baseline 0 -22"><span class='ocrx_word' id='word_1_251' title='bbox 263 3455 375 3518; x_wconf 86' lang='lat' dir='ltr'><strong>labore</strong></span> <span class='ocrx_word' id='word_1_252' title='bbox 403 3451 552 3537; x_wconf 87' lang='lat' dir='ltr'><strong>persequi</strong></span> <span class='ocrx_word' id='word_1_253' title='bbox 581 3451 762 3517; x_wconf 87' lang='lat' dir='ltr'><strong>accuratius</strong></span> <span class='ocrx_word' id='word_1_254' title='bbox 790 3451 921 3536; x_wconf 89' lang='lat' dir='ltr'><strong>poterit.</strong></span> <span class='ocrx_word' id='word_1_255' title='bbox 967 3451 1114 3537; x_wconf 82' lang='lat' dir='ltr'><strong>Apparet</strong></span> <span class='ocrx_word' id='word_1_256' title='bbox 1137 3457 1245 3518; x_wconf 89' lang='lat' dir='ltr'><strong>autem</strong></span> <span class='ocrx_word' id='word_1_257' title='bbox 1269 3473 1407 3540; x_wconf 88' lang='lat' dir='ltr'><strong>cogno-</strong></span> 
     </span>
     <span class='ocr_line' id='line_1_31' title="bbox 263 3559 1408 3646; baseline -0.001 -21"><span class='ocrx_word' id='word_1_258' title='bbox 263 3561 432 3626; x_wconf 89' lang='lat' dir='ltr'><strong>minibus</strong></span> <span class='ocrx_word' id='word_1_259' title='bbox 456 3559 611 3625; x_wconf 85' lang='lat' dir='ltr'><strong>Romanis</strong></span> <span class='ocrx_word' id='word_1_260' title='bbox 626 3559 807 3626; x_wconf 91' lang='lat' dir='ltr'><strong>Varronem</strong></span> <span class='ocrx_word' id='word_1_261' title='bbox 826 3581 946 3646; x_wconf 90' lang='lat' dir='ltr'><strong>magna</strong></span> <span class='ocrx_word' id='word_1_262' title='bbox 965 3559 1092 3624; x_wconf 88' lang='lat' dir='ltr'><strong>consilii</strong></span> <span class='ocrx_word' id='word_1_263' title='bbox 1111 3561 1297 3634; x_wconf 87' lang='lat' dir='ltr'><strong>constantia</strong></span> <span class='ocrx_word' id='word_1_264' title='bbox 1315 3583 1408 3625; x_wconf 90' lang='lat' dir='ltr'><strong>usum</strong></span> 
     </span>
     <span class='ocr_line' id='line_1_32' title="bbox 263 3665 1406 3753; baseline -0.001 -20"><span class='ocrx_word' id='word_1_265' title='bbox 263 3691 348 3733; x_wconf 91' lang='lat' dir='ltr'><strong>esse:</strong></span> <span class='ocrx_word' id='word_1_266' title='bbox 379 3671 417 3734; x_wconf 89' lang='lat' dir='ltr'><strong>ut</strong></span> <span class='ocrx_word' id='word_1_267' title='bbox 444 3665 503 3734; x_wconf 85' lang='lat' dir='ltr'><strong>nec</strong></span> <span class='ocrx_word' id='word_1_268' title='bbox 532 3667 571 3732; x_wconf 88' lang='lat' dir='ltr'><strong>de</strong></span> <span class='ocrx_word' id='word_1_269' title='bbox 595 3668 819 3733; x_wconf 87' lang='lat' dir='ltr'><strong>Atellanarum</strong></span> <span class='ocrx_word' id='word_1_270' title='bbox 847 3689 986 3752; x_wconf 89' lang='lat' dir='ltr'><strong>persona</strong></span> <span class='ocrx_word' id='word_1_271' title='bbox 1013 3667 1122 3748; x_wconf 83' lang='lat' dir='ltr'><strong>Pappa</strong></span> <span class='ocrx_word' id='word_1_272' title='bbox 1149 3665 1238 3752; x_wconf 88' lang='lat' dir='ltr'><strong>(cum</strong></span> <span class='ocrx_word' id='word_1_273' title='bbox 1266 3666 1406 3753; x_wconf 87' lang='lat' dir='ltr'><strong>Popma)</strong></span> 
     </span>
     <span class='ocr_line' id='line_1_33' title="bbox 215 3754 1409 3859; baseline -0.002 -20.082"><span class='ocrx_word' id='word_1_274' title='bbox 164 3773 225 3849; x_wconf 67' lang='lat'><strong>‘1</strong></span> <span class='ocrx_word' id='word_1_275' title='bbox 253 3754 323 3841; x_wconf 39' lang='lat' dir='ltr'><strong>&#39;nec</strong></span> <span class='ocrx_word' id='word_1_276' title='bbox 346 3776 384 3840; x_wconf 89' lang='lat' dir='ltr'><strong>de</strong></span> <span class='ocrx_word' id='word_1_277' title='bbox 408 3774 501 3839; x_wconf 87' lang='lat' dir='ltr'><strong>furiis</strong></span> <span class='ocrx_word' id='word_1_278' title='bbox 525 3773 652 3858; x_wconf 84' lang='lat' dir='ltr'><strong>agitato</strong></span> <span class='ocrx_word' id='word_1_279' title='bbox 677 3773 780 3840; x_wconf 78' lang='lat' dir='ltr'><strong>Oreste</strong></span> <span class='ocrx_word' id='word_1_280' title='bbox 803 3773 1012 3859; x_wconf 90' lang='lat' dir='ltr'><strong>cogitandum</strong></span> <span class='ocrx_word' id='word_1_281' title='bbox 1036 3772 1085 3836; x_wconf 86' lang='lat' dir='ltr'><strong>sit.</strong></span> <span class='ocrx_word' id='word_1_282' title='bbox 1124 3771 1228 3837; x_wconf 88' lang='lat' dir='ltr'><strong>Immo</strong></span> <span class='ocrx_word' id='word_1_283' title='bbox 1252 3773 1409 3839; x_wconf 86' lang='lat' dir='ltr'><strong>Orestas</strong></span> 
     </span>
     <span class='ocr_line' id='line_1_34' title="bbox 91 3873 1411 3967; baseline 0 -21"><span class='ocrx_word' id='word_1_284' title='bbox 91 3925 94 3946; x_wconf 77' lang='grc'>,</span> <span class='ocrx_word' id='word_1_285' title='bbox 125 3915 146 3967; x_wconf 59' lang='lat'><strong>3.</strong></span> <span class='ocrx_word' id='word_1_286' title='bbox 183 3873 224 3948; x_wconf 56' lang='lat' dir='ltr'>m</span> <span class='ocrx_word' id='word_1_287' title='bbox 264 3887 315 3946; x_wconf 90' lang='lat' dir='ltr'><strong>est</strong></span> <span class='ocrx_word' id='word_1_288' title='bbox 337 3881 393 3945; x_wconf 92' lang='lat' dir='ltr'><strong>ille</strong></span> <span class='ocrx_word' id='word_1_289' title='bbox 418 3885 475 3944; x_wconf 87' lang='lat' dir='ltr'><strong>aut</strong></span> <span class='ocrx_word' id='word_1_290' title='bbox 497 3879 555 3946; x_wconf 83' lang='lat' dir='ltr'><strong>On.</strong></span> <span class='ocrx_word' id='word_1_291' title='bbox 579 3879 728 3943; x_wconf 87' lang='lat' dir='ltr'><strong>Aufidius</strong></span> <span class='ocrx_word' id='word_1_292' title='bbox 752 3879 883 3944; x_wconf 87' lang='lat' dir='ltr'><strong>Orestes</strong></span> <span class='ocrx_word' id='word_1_293' title='bbox 907 3878 1101 3944; x_wconf 89' lang='lat' dir='ltr'><strong>Aurelianus</strong></span> <span class='ocrx_word' id='word_1_294' title='bbox 1125 3899 1190 3943; x_wconf 87' lang='lat' dir='ltr'><strong>eos.</strong></span> <span class='ocrx_word' id='word_1_295' title='bbox 1213 3901 1233 3942; x_wconf 90' lang='lat' dir='ltr'><strong>a</strong></span> <span class='ocrx_word' id='word_1_296' title='bbox 1257 3881 1331 3963; x_wconf 80' lang='lat'><strong>682,</strong></span> <span class='ocrx_word' id='word_1_297' title='bbox 1354 3885 1411 3946; x_wconf 85' lang='lat' dir='ltr'><strong>aut</strong></span> 
     </span>
     <span class='ocr_line' id='line_1_35' title="bbox 72 3983 1409 4071; baseline -0.001 -19"><span class='ocrx_word' id='word_1_298' title='bbox 72 4024 78 4032; x_wconf 84' lang='lat'>-</span> <span class='ocrx_word' id='word_1_299' title='bbox 187 3983 248 4042; x_wconf 69' lang='lat'><strong>.¹‚</strong></span> <span class='ocrx_word' id='word_1_300' title='bbox 264 3988 403 4054; x_wconf 86' lang='lat' dir='ltr'><strong>fortasse</strong></span> <span class='ocrx_word' id='word_1_301' title='bbox 426 4007 509 4050; x_wconf 90' lang='lat' dir='ltr'><strong>unus</strong></span> <span class='ocrx_word' id='word_1_302' title='bbox 533 4007 550 4048; x_wconf 89' lang='lat' dir='ltr'><strong>e</strong></span> <span class='ocrx_word' id='word_1_303' title='bbox 573 3987 670 4069; x_wconf 88' lang='lat' dir='ltr'><strong>genta</strong></span> <span class='ocrx_word' id='word_1_304' title='bbox 694 3983 728 4050; x_wconf 89' lang='lat' dir='ltr'><strong>L.</strong></span> <span class='ocrx_word' id='word_1_305' title='bbox 744 3984 869 4048; x_wconf 87' lang='lat' dir='ltr'><strong>Aurelii</strong></span> <span class='ocrx_word' id='word_1_306' title='bbox 884 3984 1018 4050; x_wconf 89' lang='lat' dir='ltr'><strong>Orestae</strong></span> <span class='ocrx_word' id='word_1_307' title='bbox 1041 4007 1105 4050; x_wconf 88' lang='lat' dir='ltr'><strong>cos.</strong></span> <span class='ocrx_word' id='word_1_308' title='bbox 1129 4007 1157 4050; x_wconf 89' lang='lat' dir='ltr'><strong>a.</strong></span> <span class='ocrx_word' id='word_1_309' title='bbox 1181 3985 1255 4050; x_wconf 78' lang='lat'>650.</span> <span class='ocrx_word' id='word_1_310' title='bbox 1288 3985 1409 4071; x_wconf 77' lang='lat' dir='ltr'><strong>Pappi</strong></span> 
     </span>
     <span class='ocr_line' id='line_1_36' title="bbox 84 4091 1411 4177; baseline -0.002 -17"><span class='ocrx_word' id='word_1_311' title='bbox 84 4115 99 4125; x_wconf 67' lang='lat'><strong>¹·</strong></span> <span class='ocrx_word' id='word_1_312' title='bbox 138 4101 177 4132; x_wconf 51' lang='grc' dir='ltr'><strong>Ψ·</strong></span> <span class='ocrx_word' id='word_1_313' title='bbox 265 4099 373 4160; x_wconf 88' lang='lat' dir='ltr'><strong>autem</strong></span> <span class='ocrx_word' id='word_1_314' title='bbox 401 4091 463 4158; x_wconf 90' lang='lat' dir='ltr'><strong>etsi</strong></span> <span class='ocrx_word' id='word_1_315' title='bbox 496 4091 654 4158; x_wconf 85' lang='lat' dir='ltr'><strong>Varronis</strong></span> <span class='ocrx_word' id='word_1_316' title='bbox 683 4095 789 4156; x_wconf 87' lang='lat' dir='ltr'><strong>aetate</strong></span> <span class='ocrx_word' id='word_1_317' title='bbox 818 4091 898 4156; x_wconf 93' lang='lat' dir='ltr'><strong>nulli</strong></span> <span class='ocrx_word' id='word_1_318' title='bbox 922 4097 1157 4177; x_wconf 88' lang='lat' dir='ltr'><strong>memorantur,</strong></span> <span class='ocrx_word' id='word_1_319' title='bbox 1190 4098 1300 4158; x_wconf 85' lang='lat' dir='ltr'><strong>tamen</strong></span> <span class='ocrx_word' id='word_1_320' title='bbox 1324 4093 1354 4158; x_wconf 88' lang='lat' dir='ltr'>V</span> <span class='ocrx_word' id='word_1_321' title='bbox 1378 4097 1411 4158; x_wconf 90' lang='lat' dir='ltr'><strong>et</strong></span> 
     </span>
     <span class='ocr_line' id='line_1_37' title="bbox 46 4181 1411 4291; baseline 0 -27"><span class='ocrx_word' id='word_1_322' title='bbox 46 4181 197 4291; x_wconf 58' lang='lat'><strong>,”</strong></span> <span class='ocrx_word' id='word_1_323' title='bbox 264 4201 311 4266; x_wconf 93' lang='lat' dir='ltr'><strong>VI</strong></span> <span class='ocrx_word' id='word_1_324' title='bbox 331 4201 372 4266; x_wconf 87' lang='lat' dir='ltr'><strong>ab</strong></span> <span class='ocrx_word' id='word_1_325' title='bbox 391 4223 420 4265; x_wconf 92' lang='lat' dir='ltr'><strong>u.</strong></span> <span class='ocrx_word' id='word_1_326' title='bbox 435 4222 461 4265; x_wconf 90' lang='lat' dir='ltr'><strong>c.</strong></span> <span class='ocrx_word' id='word_1_327' title='bbox 476 4199 606 4266; x_wconf 87' lang='lat' dir='ltr'><strong>saeculo</strong></span> <span class='ocrx_word' id='word_1_328' title='bbox 629 4221 688 4264; x_wconf 89' lang='lat' dir='ltr'><strong>nec</strong></span> <span class='ocrx_word' id='word_1_329' title='bbox 706 4199 801 4284; x_wconf 87' lang='lat' dir='ltr'><strong>pauci</strong></span> <span class='ocrx_word' id='word_1_330' title='bbox 820 4221 880 4264; x_wconf 89' lang='lat' dir='ltr'><strong>nec</strong></span> <span class='ocrx_word' id='word_1_331' title='bbox 903 4199 1065 4284; x_wconf 89' lang='lat' dir='ltr'><strong>ignobiles</strong></span> <span class='ocrx_word' id='word_1_332' title='bbox 1089 4200 1123 4264; x_wconf 89' lang='lat' dir='ltr'><strong>in</strong></span> <span class='ocrx_word' id='word_1_333' title='bbox 1147 4205 1245 4285; x_wconf 85' lang='lat' dir='ltr'><strong>gente</strong></span> <span class='ocrx_word' id='word_1_334' title='bbox 1270 4200 1411 4266; x_wconf 88' lang='lat' dir='ltr'><strong>Aemilia</strong></span> 
     </span>
     <span class='ocr_line' id='line_1_38' title="bbox 208 4305 1410 4396; baseline -0.007 -19.022"><span class='ocrx_word' id='word_1_335' title='bbox 208 4376 231 4396; x_wconf 22' lang='grc' dir='ltr'><strong>,κ</strong></span> <span class='ocrx_word' id='word_1_336' title='bbox 265 4309 427 4391; x_wconf 85' lang='lat' dir='ltr'><strong>exstitere,</strong></span> <span class='ocrx_word' id='word_1_337' title='bbox 451 4305 489 4372; x_wconf 90' lang='lat' dir='ltr'><strong>de</strong></span> <span class='ocrx_word' id='word_1_338' title='bbox 509 4307 626 4392; x_wconf 90' lang='lat' dir='ltr'><strong>quibus</strong></span> <span class='ocrx_word' id='word_1_339' title='bbox 645 4328 716 4372; x_wconf 88' lang='lat' dir='ltr'><strong>cum</strong></span> <span class='ocrx_word' id='word_1_340' title='bbox 737 4305 793 4370; x_wconf 91' lang='lat' dir='ltr'><strong>alii</strong></span> <span class='ocrx_word' id='word_1_341' title='bbox 812 4310 881 4370; x_wconf 90' lang='lat' dir='ltr'><strong>tum</strong></span> <span class='ocrx_word' id='word_1_342' title='bbox 895 4305 1006 4370; x_wconf 81' lang='lat' dir='ltr'><strong>Livius</strong></span> <span class='ocrx_word' id='word_1_343' title='bbox 1026 4305 1249 4390; x_wconf 88' lang='lat' dir='ltr'><strong>prodiderunt:</strong></span> <span class='ocrx_word' id='word_1_344' title='bbox 1273 4327 1410 4390; x_wconf 89' lang='lat' dir='ltr'><strong>quorum</strong></span> 
     </span>
    </p>
   </div>
   <div class='ocr_carea' id='block_1_3' title="bbox 118 4410 1410 4502">
    <p class='ocr_par' dir='ltr' id='par_1_3' title="bbox 118 4410 1410 4502">
     <span class='ocr_line' id='line_1_39' title="bbox 118 4410 1410 4502; baseline -0.003 -20"><span class='ocrx_word' id='word_1_345' title='bbox 118 4487 138 4500; x_wconf 38' lang='grc' dir='ltr'>Η</span> <span class='ocrx_word' id='word_1_346' title='bbox 159 4485 186 4500; x_wconf 86' lang='lat'><strong>..</strong></span> <span class='ocrx_word' id='word_1_347' title='bbox 267 4437 283 4480; x_wconf 91' lang='lat' dir='ltr'><strong>e</strong></span> <span class='ocrx_word' id='word_1_348' title='bbox 305 4412 447 4502; x_wconf 83' lang='lat' dir='ltr'><strong>posteris</strong></span> <span class='ocrx_word' id='word_1_349' title='bbox 471 4413 547 4500; x_wconf 89' lang='lat' dir='ltr'><strong>quid</strong></span> <span class='ocrx_word' id='word_1_350' title='bbox 566 4417 616 4482; x_wconf 82' lang='lat' dir='ltr'><strong>est</strong></span> <span class='ocrx_word' id='word_1_351' title='bbox 634 4434 691 4480; x_wconf 90' lang='lat' dir='ltr'><strong>cur</strong></span> <span class='ocrx_word' id='word_1_352' title='bbox 708 4434 774 4478; x_wconf 92' lang='lat' dir='ltr'><strong>uon</strong></span> <span class='ocrx_word' id='word_1_353' title='bbox 792 4411 935 4498; x_wconf 83' lang='lat' dir='ltr'><strong>potuerit</strong></span> <span class='ocrx_word' id='word_1_354' title='bbox 954 4411 1125 4478; x_wconf 85' lang='lat' dir='ltr'><strong>familiaris</strong></span> <span class='ocrx_word' id='word_1_355' title='bbox 1145 4434 1215 4478; x_wconf 88' lang='lat' dir='ltr'><strong>esse</strong></span> <span class='ocrx_word' id='word_1_356' title='bbox 1230 4410 1410 4478; x_wconf 84' lang='lat' dir='ltr'><strong>Varronis?</strong></span> 
     </span>
    </p>
   </div>
   <div class='ocr_carea' id='block_1_4' title="bbox 0 0 1663 5106">
    <p class='ocr_par' dir='ltr' id='par_1_4' title="bbox 0 0 1663 5106">
     <span class='ocr_line' id='line_1_40' title="bbox 0 0 1663 5106; baseline 0 0"><span class='ocrx_word' id='word_1_357' title='bbox 0 0 1663 5106; x_wconf 95' lang='lat' dir='ltr'><strong> </strong></span> 
     </span>
    </p>
   </div>
  </div>
 </body>
</html>
