<?xml version="1.0" encoding="UTF-8"?>
<!DOCTYPE html PUBLIC "-//W3C//DTD XHTML 1.0 Transitional//EN"
    "http://www.w3.org/TR/xhtml1/DTD/xhtml1-transitional.dtd">
<html xmlns="http://www.w3.org/1999/xhtml" xml:lang="en" lang="en">
 <head>
  <title>
</title>
<meta http-equiv="Content-Type" content="text/html;charset=utf-8" />
  <meta name='ocr-system' content='tesseract 3.04.00' />
  <meta name='ocr-capabilities' content='ocr_page ocr_carea ocr_par ocr_line ocrx_word'/>
</head>
<body>
  <div class='ocr_page' id='page_1' title='image "./fridericiritsch09wachgoog_0216.png"; bbox 0 0 3274 5114; ppageno 0'>
   <div class='ocr_carea' id='block_1_1' title="bbox 555 395 1406 461">
    <p class='ocr_par' dir='ltr' id='par_1_1' title="bbox 555 395 1406 461">
     <span class='ocr_line' id='line_1_1' title="bbox 555 395 1406 461; baseline 0.002 -3"><span class='ocrx_word' id='word_1_1' title='bbox 555 409 772 460; x_wconf 75' lang='lat' dir='ltr'>raucarum</span> <span class='ocrx_word' id='word_1_2' title='bbox 794 409 983 461; x_wconf 71' lang='lat' dir='ltr'>cosumus</span> <span class='ocrx_word' id='word_1_3' title='bbox 1276 395 1337 460; x_wconf 89' lang='lat'>191</span> <span class='ocrx_word' id='word_1_4' title='bbox 1397 441 1406 460; x_wconf 57' lang='grc' dir='ltr'>ι</span> 
     </span>
    </p>
   </div>
   <div class='ocr_carea' id='block_1_2' title="bbox 193 555 1448 1385">
    <p class='ocr_par' dir='ltr' id='par_1_2' title="bbox 193 555 1448 1385">
     <span class='ocr_line' id='line_1_2' title="bbox 194 555 1341 640; baseline 0.001 -20"><span class='ocrx_word' id='word_1_5' title='bbox 194 555 243 620; x_wconf 87' lang='lat' dir='ltr'>ita</span> <span class='ocrx_word' id='word_1_6' title='bbox 266 555 419 640; x_wconf 82' lang='lat' dir='ltr'>expediri,</span> <span class='ocrx_word' id='word_1_7' title='bbox 441 555 552 622; x_wconf 87' lang='lat' dir='ltr'>nullus</span> <span class='ocrx_word' id='word_1_8' title='bbox 574 561 612 621; x_wconf 87' lang='lat' dir='ltr'>ut</span> <span class='ocrx_word' id='word_1_9' title='bbox 634 556 828 626; x_wconf 71' lang='lat' dir='ltr'>dubitationi</span> <span class='ocrx_word' id='word_1_10' title='bbox 851 557 940 622; x_wconf 91' lang='lat' dir='ltr'>locus</span> <span class='ocrx_word' id='word_1_11' title='bbox 963 556 1031 620; x_wconf 89' lang='lat' dir='ltr'>iam</span> <span class='ocrx_word' id='word_1_12' title='bbox 1054 577 1124 622; x_wconf 88' lang='lat' dir='ltr'>esse</span> <span class='ocrx_word' id='word_1_13' title='bbox 1142 556 1274 621; x_wconf 87' lang='lat' dir='ltr'>relictus</span> <span class='ocrx_word' id='word_1_14' title='bbox 1293 557 1341 621; x_wconf 85' lang='lat' dir='ltr'>vi-</span> 
     </span>
     <span class='ocr_line' id='line_1_3' title="bbox 193 651 1448 748; baseline 0 -22"><span class='ocrx_word' id='word_1_15' title='bbox 193 661 316 728; x_wconf 84' lang='lat' dir='ltr'>deatur.</span> <span class='ocrx_word' id='word_1_16' title='bbox 360 661 408 726; x_wconf 88' lang='lat' dir='ltr'>Vt</span> <span class='ocrx_word' id='word_1_17' title='bbox 436 663 522 728; x_wconf 89' lang='lat' dir='ltr'>enirn</span> <span class='ocrx_word' id='word_1_18' title='bbox 550 665 754 744; x_wconf 82' lang='grc' dir='ltr'>ιιΠολύβιος</span> <span class='ocrx_word' id='word_1_19' title='bbox 781 663 820 728; x_wconf 87' lang='lat' dir='ltr'>fit</span> <span class='ocrx_word' id='word_1_20' title='bbox 841 663 1059 744; x_wconf 87' lang='grc' dir='ltr'>Πολυβιάδης,</span> <span class='ocrx_word' id='word_1_21' title='bbox 1091 662 1212 748; x_wconf 90' lang='lat' dir='ltr'>pariter</span> <span class='ocrx_word' id='word_1_22' title='bbox 1241 667 1339 748; x_wconf 78' lang='grc' dir='ltr'>οδηιιο</span> <span class='ocrx_word' id='word_1_23' title='bbox 1443 651 1448 667; x_wconf 58' lang='grc'><strong>“</strong></span> 
     </span>
     <span class='ocr_line' id='line_1_4' title="bbox 194 767 1340 854; baseline 0.002 -21"><span class='ocrx_word' id='word_1_24' title='bbox 194 769 235 834; x_wconf 84' lang='lat' dir='ltr'>ab</span> <span class='ocrx_word' id='word_1_25' title='bbox 267 769 420 849; x_wconf 85' lang='grc' dir='ltr'>Εὐρύβιος</span> <span class='ocrx_word' id='word_1_26' title='bbox 452 769 606 851; x_wconf 87' lang='grc' dir='ltr'>Ἀλκίβιος</span> <span class='ocrx_word' id='word_1_27' title='bbox 638 769 808 851; x_wconf 80' lang='grc' dir='ltr'>Ἀδεξίβιος</span> <span class='ocrx_word' id='word_1_28' title='bbox 842 767 1003 851; x_wconf 89' lang='grc' dir='ltr'>Ἀρχέβιος</span> <span class='ocrx_word' id='word_1_29' title='bbox 1034 769 1118 854; x_wconf 86' lang='lat' dir='ltr'>fiunt</span> <span class='ocrx_word' id='word_1_30' title='bbox 1149 770 1340 851; x_wconf 85' lang='grc' dir='ltr'>Εὐρυβιάδης</span> 
     </span>
     <span class='ocr_line' id='line_1_5' title="bbox 194 873 1340 962; baseline 0.003 -22"><span class='ocrx_word' id='word_1_31' title='bbox 194 873 390 957; x_wconf 87' lang='grc' dir='ltr'>Ἀλκιβιάδης</span> <span class='ocrx_word' id='word_1_32' title='bbox 418 875 630 957; x_wconf 79' lang='grc' dir='ltr'>Ἀλεξιβιάδης</span> <span class='ocrx_word' id='word_1_33' title='bbox 659 876 875 957; x_wconf 86' lang='grc' dir='ltr'>Ἀρχεβιάδης,</span> <span class='ocrx_word' id='word_1_34' title='bbox 907 877 968 961; x_wconf 85' lang='lat' dir='ltr'>ita,</span> <span class='ocrx_word' id='word_1_35' title='bbox 999 877 1151 962; x_wconf 88' lang='lat' dir='ltr'>qnoniam</span> <span class='ocrx_word' id='word_1_36' title='bbox 1177 878 1340 958; x_wconf 89' lang='grc' dir='ltr'>Πολύβιος</span> 
     </span>
     <span class='ocr_line' id='line_1_6' title="bbox 194 983 1340 1070; baseline 0.002 -24"><span class='ocrx_word' id='word_1_37' title='bbox 194 983 345 1048; x_wconf 85' lang='lat' dir='ltr'>comitem</span> <span class='ocrx_word' id='word_1_38' title='bbox 363 984 463 1051; x_wconf 86' lang='lat' dir='ltr'>habet</span> <span class='ocrx_word' id='word_1_39' title='bbox 476 986 627 1065; x_wconf 85' lang='grc' dir='ltr'>Πόλυβος</span> <span class='ocrx_word' id='word_1_40' title='bbox 645 985 794 1070; x_wconf 84' lang='lat' dir='ltr'>formam,</span> <span class='ocrx_word' id='word_1_41' title='bbox 816 985 894 1049; x_wconf 91' lang='lat' dir='ltr'>hino</span> <span class='ocrx_word' id='word_1_42' title='bbox 912 987 999 1050; x_wconf 89' lang='lat' dir='ltr'>recte</span> <span class='ocrx_word' id='word_1_43' title='bbox 1018 989 1116 1070; x_wconf 87' lang='lat' dir='ltr'>atque</span> <span class='ocrx_word' id='word_1_44' title='bbox 1135 983 1248 1050; x_wconf 86' lang='lat' dir='ltr'>ordine</span> <span class='ocrx_word' id='word_1_45' title='bbox 1266 983 1340 1050; x_wconf 91' lang='lat' dir='ltr'>duci</span> 
     </span>
     <span class='ocr_line' id='line_1_7' title="bbox 194 1089 1353 1176; baseline -0.002 -19"><span class='ocrx_word' id='word_1_46' title='bbox 194 1091 386 1172; x_wconf 83' lang='grc' dir='ltr'>Πολυβάδης</span> <span class='ocrx_word' id='word_1_47' title='bbox 418 1092 527 1176; x_wconf 91' lang='lat' dir='ltr'>potuit</span> <span class='ocrx_word' id='word_1_48' title='bbox 558 1095 595 1156; x_wconf 88' lang='lat' dir='ltr'>ut</span> <span class='ocrx_word' id='word_1_49' title='bbox 629 1091 808 1171; x_wconf 86' lang='grc' dir='ltr'>Χαρινάδης</span> <span class='ocrx_word' id='word_1_50' title='bbox 831 1089 990 1155; x_wconf 77' lang='grc' dir='ltr'>Αἰολάδας</span> <span class='ocrx_word' id='word_1_51' title='bbox 1018 1090 1168 1170; x_wconf 86' lang='grc' dir='ltr'>Φλυάδης</span> <span class='ocrx_word' id='word_1_52' title='bbox 1196 1090 1353 1168; x_wconf 80' lang='grc' dir='ltr'>(ακάδοιςι</span> 
     </span>
     <span class='ocr_line' id='line_1_8' title="bbox 196 1195 1339 1282; baseline 0.003 -22"><span class='ocrx_word' id='word_1_53' title='bbox 196 1196 374 1276; x_wconf 87' lang='grc' dir='ltr'>Γηρυτὰδης</span> <span class='ocrx_word' id='word_1_54' title='bbox 405 1197 446 1261; x_wconf 91' lang='lat' dir='ltr'>ab</span> <span class='ocrx_word' id='word_1_55' title='bbox 477 1197 538 1282; x_wconf 88' lang='lat' dir='ltr'>eis,</span> <span class='ocrx_word' id='word_1_56' title='bbox 576 1218 658 1282; x_wconf 92' lang='lat' dir='ltr'>quae</span> <span class='ocrx_word' id='word_1_57' title='bbox 688 1201 765 1262; x_wconf 91' lang='lat' dir='ltr'>sunt</span> <span class='ocrx_word' id='word_1_58' title='bbox 796 1198 933 1276; x_wconf 85' lang='grc' dir='ltr'>Χαρῖνος</span> <span class='ocrx_word' id='word_1_59' title='bbox 963 1195 1079 1261; x_wconf 78' lang='grc' dir='ltr'>Αἴολος</span> <span class='ocrx_word' id='word_1_60' title='bbox 1108 1197 1215 1263; x_wconf 72' lang='lat' dir='ltr'>elude</span> <span class='ocrx_word' id='word_1_61' title='bbox 1245 1198 1339 1263; x_wconf 87' lang='grc' dir='ltr'>ςάκος</span> 
     </span>
     <span class='ocr_line' id='line_1_9' title="bbox 195 1302 1289 1385; baseline 0.004 -19"><span class='ocrx_word' id='word_1_62' title='bbox 195 1303 341 1383; x_wconf 82' lang='grc' dir='ltr'>γηρυτός,</span> <span class='ocrx_word' id='word_1_63' title='bbox 365 1303 398 1368; x_wconf 91' lang='lat' dir='ltr'>id</span> <span class='ocrx_word' id='word_1_64' title='bbox 420 1307 528 1369; x_wconf 91' lang='lat' dir='ltr'>autem</span> <span class='ocrx_word' id='word_1_65' title='bbox 551 1304 798 1384; x_wconf 84' lang='grc' dir='ltr'>ὑποκοριςτιιιῶς</span> <span class='ocrx_word' id='word_1_66' title='bbox 820 1303 960 1368; x_wconf 89' lang='lat' dir='ltr'>transire</span> <span class='ocrx_word' id='word_1_67' title='bbox 983 1302 1018 1367; x_wconf 93' lang='lat' dir='ltr'>in</span> <span class='ocrx_word' id='word_1_68' title='bbox 1040 1305 1289 1385; x_wconf 82' lang='grc' dir='ltr'>Πολυβαδίςκος.</span> 
     </span>
    </p>
   </div>
   <div class='ocr_carea' id='block_1_3' title="bbox 747 1514 782 1571">
    <p class='ocr_par' dir='ltr' id='par_1_3' title="bbox 747 1514 782 1571">
     <span class='ocr_line' id='line_1_10' title="bbox 747 1514 782 1571; baseline 0.114 -4"><span class='ocrx_word' id='word_1_69' title='bbox 747 1514 782 1571; x_wconf 91' lang='lat' dir='ltr'>II.</span> 
     </span>
    </p>
   </div>
   <div class='ocr_carea' id='block_1_4' title="bbox 194 1585 1337 1818">
    <p class='ocr_par' dir='ltr' id='par_1_4' title="bbox 194 1585 1337 1818">
     <span class='ocr_line' id='line_1_11' title="bbox 284 1585 1337 1710; baseline 0.003 -21"><span class='ocrx_word' id='word_1_70' title='bbox 284 1623 390 1706; x_wconf 82' lang='lat' dir='ltr'>Varro</span> <span class='ocrx_word' id='word_1_71' title='bbox 414 1623 453 1690; x_wconf 89' lang='lat' dir='ltr'>de</span> <span class='ocrx_word' id='word_1_72' title='bbox 475 1624 590 1709; x_wconf 85' lang='lat' dir='ltr'>lingna</span> <span class='ocrx_word' id='word_1_73' title='bbox 612 1623 667 1690; x_wconf 85' lang='lat' dir='ltr'>lat</span> <span class='ocrx_word' id='word_1_74' title='bbox 681 1623 754 1710; x_wconf 89' lang='lat' dir='ltr'>Vll,</span> <span class='ocrx_word' id='word_1_75' title='bbox 769 1625 811 1689; x_wconf 90' lang='grc'>66</span> <span class='ocrx_word' id='word_1_76' title='bbox 836 1621 927 1710; x_wconf 89' lang='lat' dir='ltr'>(post</span> <span class='ocrx_word' id='word_1_77' title='bbox 949 1624 1015 1689; x_wconf 90' lang='lat' dir='ltr'>alia</span> <span class='ocrx_word' id='word_1_78' title='bbox 1038 1585 1185 1709; x_wconf 80' lang='lat' dir='ltr'>exempla</span> <span class='ocrx_word' id='word_1_79' title='bbox 1208 1625 1249 1690; x_wconf 90' lang='lat' dir='ltr'>ab</span> <span class='ocrx_word' id='word_1_80' title='bbox 1273 1648 1337 1692; x_wconf 90' lang='lat' dir='ltr'>uno</span> 
     </span>
     <span class='ocr_line' id='line_1_12' title="bbox 194 1728 724 1818; baseline 0.004 -24"><span class='ocrx_word' id='word_1_81' title='bbox 194 1728 467 1818; x_wconf 75' lang='lat' dir='ltr'>Plauto⁸petita):</span> <span class='ocrx_word' id='word_1_82' title='bbox 491 1729 543 1794; x_wconf 70' lang='lat' dir='ltr'>‘in</span> <span class='ocrx_word' id='word_1_83' title='bbox 566 1730 724 1796; x_wconf 79' lang='lat' dir='ltr'><strong>Astraba:</strong></span> 
     </span>
    </p>
   </div>
   <div class='ocr_carea' id='block_1_5' title="bbox 238 1836 1373 1929">
    <p class='ocr_par' dir='ltr' id='par_1_5' title="bbox 238 1836 1373 1929">
     <span class='ocr_line' id='line_1_13' title="bbox 238 1836 1373 1929; baseline 0.004 -11"><span class='ocrx_word' id='word_1_84' title='bbox 238 1836 443 1920; x_wconf 78' lang='lat' dir='ltr'>rlxitiosae</span> <span class='ocrx_word' id='word_1_85' title='bbox 467 1856 657 1920; x_wconf 81' lang='lat' dir='ltr'>anndnam</span> <span class='ocrx_word' id='word_1_86' title='bbox 680 1877 807 1920; x_wconf 87' lang='lat' dir='ltr'>caram</span> <span class='ocrx_word' id='word_1_87' title='bbox 831 1876 848 1920; x_wconf 95' lang='lat' dir='ltr'>e</span> <span class='ocrx_word' id='word_1_88' title='bbox 872 1854 944 1922; x_wconf 87' lang='lat' dir='ltr'>uili</span> <span class='ocrx_word' id='word_1_89' title='bbox 963 1857 1199 1923; x_wconf 72' lang='lat' dir='ltr'>concinnant</span> <span class='ocrx_word' id='word_1_90' title='bbox 1218 1855 1373 1929; x_wconf 77' lang='lat' dir='ltr'>uiria’u</span> 
     </span>
    </p>
   </div>
   <div class='ocr_carea' id='block_1_6' title="bbox 193 1997 1340 2176">
    <p class='ocr_par' dir='ltr' id='par_1_6' title="bbox 193 1997 1340 2176">
     <span class='ocr_line' id='line_1_14' title="bbox 194 1997 1340 2083; baseline 0.002 -21"><span class='ocrx_word' id='word_1_91' title='bbox 194 1998 233 2063; x_wconf 91' lang='lat' dir='ltr'>ln</span> <span class='ocrx_word' id='word_1_92' title='bbox 246 1997 435 2064; x_wconf 71' lang='lat' dir='ltr'>Florentino</span> <span class='ocrx_word' id='word_1_93' title='bbox 455 1997 680 2083; x_wconf 88' lang='lat' dir='ltr'>scriptumest</span> <span class='ocrx_word' id='word_1_94' title='bbox 701 1999 820 2064; x_wconf 70' lang='lat' dir='ltr'>astuta</span> <span class='ocrx_word' id='word_1_95' title='bbox 842 2002 876 2064; x_wconf 90' lang='lat' dir='ltr'>et</span> <span class='ocrx_word' id='word_1_96' title='bbox 897 2019 934 2064; x_wconf 87' lang='lat' dir='ltr'>oc</span> <span class='ocrx_word' id='word_1_97' title='bbox 950 2001 1061 2080; x_wconf 68' lang='lat' dir='ltr'>sitium,</span> <span class='ocrx_word' id='word_1_98' title='bbox 1084 2000 1167 2067; x_wconf 89' lang='lat' dir='ltr'>unde</span> <span class='ocrx_word' id='word_1_99' title='bbox 1190 2000 1340 2065; x_wconf 78' lang='lat' dir='ltr'>aciliosoc</span> 
     </span>
     <span class='ocr_line' id='line_1_15' title="bbox 193 2105 1132 2176; baseline 0.004 -6"><span class='ocrx_word' id='word_1_100' title='bbox 193 2105 304 2171; x_wconf 85' lang='lat' dir='ltr'>Aldus.</span> <span class='ocrx_word' id='word_1_101' title='bbox 327 2143 372 2153; x_wconf 93' lang='lat'><em>-</em></span> <span class='ocrx_word' id='word_1_102' title='bbox 401 2105 499 2170; x_wconf 87' lang='lat' dir='ltr'>Redit</span> <span class='ocrx_word' id='word_1_103' title='bbox 528 2105 700 2171; x_wconf 81' lang='lat' dir='ltr'>‘axitiosa’</span> <span class='ocrx_word' id='word_1_104' title='bbox 731 2107 766 2171; x_wconf 93' lang='lat' dir='ltr'>in</span> <span class='ocrx_word' id='word_1_105' title='bbox 795 2105 1067 2176; x_wconf 74' lang='lat' dir='ltr'>Srranmrsuoo.</span> <span class='ocrx_word' id='word_1_106' title='bbox 1128 2118 1132 2126; x_wconf 84' lang='lat'><em>&#39;</em></span> 
     </span>
    </p>
   </div>
   <div class='ocr_carea' id='block_1_7' title="bbox 744 2317 790 2373">
    <p class='ocr_par' dir='ltr' id='par_1_7' title="bbox 744 2317 790 2373">
     <span class='ocr_line' id='line_1_16' title="bbox 744 2317 790 2373; baseline 0.022 -1"><span class='ocrx_word' id='word_1_107' title='bbox 744 2317 790 2373; x_wconf 93' lang='lat' dir='ltr'>Ill.</span> 
     </span>
    </p>
   </div>
   <div class='ocr_carea' id='block_1_8' title="bbox 193 2423 1337 2706">
    <p class='ocr_par' dir='ltr' id='par_1_8' title="bbox 193 2423 1337 2706">
     <span class='ocr_line' id='line_1_17' title="bbox 282 2423 1337 2512; baseline 0.003 -22"><span class='ocrx_word' id='word_1_108' title='bbox 282 2423 398 2490; x_wconf 78' lang='lat' dir='ltr'><strong>Festus</strong></span> <span class='ocrx_word' id='word_1_109' title='bbox 426 2447 457 2509; x_wconf 91' lang='lat' dir='ltr'>p.</span> <span class='ocrx_word' id='word_1_110' title='bbox 485 2425 565 2510; x_wconf 79' lang='lat'>274,</span> <span class='ocrx_word' id='word_1_111' title='bbox 593 2426 651 2491; x_wconf 81' lang='lat'>25:</span> <span class='ocrx_word' id='word_1_112' title='bbox 688 2425 948 2511; x_wconf 72' lang='lat' dir='ltr'>‘reciprocare</span> <span class='ocrx_word' id='word_1_113' title='bbox 981 2449 1040 2511; x_wconf 92' lang='lat' dir='ltr'>pro</span> <span class='ocrx_word' id='word_1_114' title='bbox 1074 2427 1160 2492; x_wconf 89' lang='lat' dir='ltr'>ultro</span> <span class='ocrx_word' id='word_1_115' title='bbox 1193 2427 1337 2512; x_wconf 88' lang='lat' dir='ltr'>citroque</span> 
     </span>
     <span class='ocr_line' id='line_1_18' title="bbox 193 2532 1337 2619; baseline 0.006 -23"><span class='ocrx_word' id='word_1_116' title='bbox 193 2553 325 2614; x_wconf 90' lang='lat' dir='ltr'>poscere</span> <span class='ocrx_word' id='word_1_117' title='bbox 349 2532 400 2598; x_wconf 89' lang='lat' dir='ltr'>usi</span> <span class='ocrx_word' id='word_1_118' title='bbox 424 2536 500 2598; x_wconf 87' lang='lat' dir='ltr'>sunt</span> <span class='ocrx_word' id='word_1_119' title='bbox 522 2534 656 2619; x_wconf 88' lang='lat' dir='ltr'>antiqui,</span> <span class='ocrx_word' id='word_1_120' title='bbox 679 2534 755 2618; x_wconf 91' lang='lat' dir='ltr'>quia</span> <span class='ocrx_word' id='word_1_121' title='bbox 777 2555 912 2618; x_wconf 80' lang='lat' dir='ltr'>procare</span> <span class='ocrx_word' id='word_1_122' title='bbox 935 2537 986 2598; x_wconf 92' lang='lat' dir='ltr'>est</span> <span class='ocrx_word' id='word_1_123' title='bbox 1003 2553 1145 2619; x_wconf 89' lang='lat' dir='ltr'>poscere.</span> <span class='ocrx_word' id='word_1_124' title='bbox 1177 2534 1337 2602; x_wconf 86' lang='lat' dir='ltr'>Pacuuius</span> 
     </span>
     <span class='ocr_line' id='line_1_19' title="bbox 193 2637 896 2706; baseline 0.003 -4"><span class='ocrx_word' id='word_1_125' title='bbox 193 2639 228 2702; x_wconf 92' lang='lat' dir='ltr'>in</span> <span class='ocrx_word' id='word_1_126' title='bbox 251 2637 375 2704; x_wconf 81' lang='lat' dir='ltr'>Teucro</span> <span class='ocrx_word' id='word_1_127' title='bbox 399 2687 406 2704; x_wconf 89' lang='lat'><strong>.</strong></span> <span class='ocrx_word' id='word_1_128' title='bbox 430 2688 437 2704; x_wconf 91' lang='lat'>.</span> <span class='ocrx_word' id='word_1_129' title='bbox 462 2688 469 2703; x_wconf 93' lang='lat'><strong>.</strong></span> <span class='ocrx_word' id='word_1_130' title='bbox 493 2639 658 2706; x_wconf 79' lang='lat' dir='ltr'>,Plautus</span> <span class='ocrx_word' id='word_1_131' title='bbox 682 2639 717 2705; x_wconf 95' lang='lat' dir='ltr'>in</span> <span class='ocrx_word' id='word_1_132' title='bbox 740 2639 896 2706; x_wconf 83' lang='lat' dir='ltr'>Astraba:</span> 
     </span>
    </p>
   </div>
   <div class='ocr_carea' id='block_1_9' title="bbox 189 2781 1407 4596">
    <p class='ocr_par' dir='ltr' id='par_1_9' title="bbox 237 2781 1388 2956">
     <span class='ocr_line' id='line_1_20' title="bbox 237 2781 1388 2871; baseline 0.008 -24"><span class='ocrx_word' id='word_1_133' title='bbox 237 2781 354 2858; x_wconf 75' lang='lat' dir='ltr'>Quasi</span> <span class='ocrx_word' id='word_1_134' title='bbox 378 2782 526 2848; x_wconf 91' lang='lat' dir='ltr'>tolleno</span> <span class='ocrx_word' id='word_1_135' title='bbox 551 2786 617 2848; x_wconf 84' lang='lat' dir='ltr'>aut</span> <span class='ocrx_word' id='word_1_136' title='bbox 638 2781 760 2868; x_wconf 85' lang='lat' dir='ltr'>pilum</span> <span class='ocrx_word' id='word_1_137' title='bbox 779 2804 958 2869; x_wconf 90' lang='lat' dir='ltr'>graecum</span> <span class='ocrx_word' id='word_1_138' title='bbox 976 2784 1198 2868; x_wconf 74' lang='lat' dir='ltr'>reciprocas</span> <span class='ocrx_word' id='word_1_139' title='bbox 1217 2787 1334 2871; x_wconf 75' lang='lat' dir='ltr'>plant</span> <span class='ocrx_word' id='word_1_140' title='bbox 1356 2809 1388 2856; x_wconf 89' lang='grc' dir='ltr'>ιο</span> 
     </span>
     <span class='ocr_line' id='line_1_21' title="bbox 1045 2889 1132 2956; baseline 0.023 -2"><span class='ocrx_word' id='word_1_141' title='bbox 1045 2889 1132 2956; x_wconf 84' lang='grc' dir='ltr'>ιιιιι.’</span> 
     </span>
    </p>

    <p class='ocr_par' dir='ltr' id='par_1_10' title="bbox 189 3011 1407 4596">
     <span class='ocr_line' id='line_1_22' title="bbox 193 3011 1336 3102; baseline 0.007 -25"><span class='ocrx_word' id='word_1_142' title='bbox 193 3011 258 3078; x_wconf 88' lang='lat' dir='ltr'>Vbi</span> <span class='ocrx_word' id='word_1_143' title='bbox 288 3015 397 3081; x_wconf 77' lang='lat' dir='ltr'>tolleao</span> <span class='ocrx_word' id='word_1_144' title='bbox 429 3015 594 3102; x_wconf 84' lang='lat' dir='ltr'>Scaligero</span> <span class='ocrx_word' id='word_1_145' title='bbox 625 3013 768 3082; x_wconf 78' lang='lat' dir='ltr'>Coniect.</span> <span class='ocrx_word' id='word_1_146' title='bbox 795 3017 829 3082; x_wconf 90' lang='lat' dir='ltr'>in</span> <span class='ocrx_word' id='word_1_147' title='bbox 852 3015 947 3082; x_wconf 88' lang='lat' dir='ltr'>Varr.</span> <span class='ocrx_word' id='word_1_148' title='bbox 973 3014 1028 3101; x_wconf 83' lang='lat' dir='ltr'>(V,</span> <span class='ocrx_word' id='word_1_149' title='bbox 1053 3015 1131 3102; x_wconf 71' lang='lat'>127)</span> <span class='ocrx_word' id='word_1_150' title='bbox 1160 3040 1191 3102; x_wconf 92' lang='lat' dir='ltr'>p.</span> <span class='ocrx_word' id='word_1_151' title='bbox 1214 3017 1256 3083; x_wconf 85' lang='lat'>58</span> <span class='ocrx_word' id='word_1_152' title='bbox 1288 3020 1336 3085; x_wconf 90' lang='lat' dir='ltr'>ed.</span> 
     </span>
     <span class='ocr_line' id='line_1_23' title="bbox 192 3117 1334 3210; baseline 0.006 -26"><span class='ocrx_word' id='word_1_153' title='bbox 192 3117 313 3205; x_wconf 67' lang='lat' dir='ltr'>suph„</span> <span class='ocrx_word' id='word_1_154' title='bbox 336 3123 505 3206; x_wconf 71' lang='lat' dir='ltr'>reciprocos</span> <span class='ocrx_word' id='word_1_155' title='bbox 518 3121 675 3187; x_wconf 90' lang='lat' dir='ltr'>Muellero</span> <span class='ocrx_word' id='word_1_156' title='bbox 694 3120 830 3189; x_wconf 90' lang='lat' dir='ltr'>debetur</span> <span class='ocrx_word' id='word_1_157' title='bbox 847 3147 906 3210; x_wconf 90' lang='lat' dir='ltr'>pro</span> <span class='ocrx_word' id='word_1_158' title='bbox 931 3122 1049 3191; x_wconf 90' lang='lat' dir='ltr'>codicis</span> <span class='ocrx_word' id='word_1_159' title='bbox 1073 3124 1231 3188; x_wconf 85' lang='lat' dir='ltr'>memoria</span> <span class='ocrx_word' id='word_1_160' title='bbox 1253 3125 1334 3191; x_wconf 82' lang='lat' dir='ltr'>tolle·</span> 
     </span>
     <span class='ocr_line' id='line_1_24' title="bbox 190 3229 1335 3315; baseline 0.003 -23"><span class='ocrx_word' id='word_1_161' title='bbox 190 3247 271 3292; x_wconf 81' lang='grc' dir='ltr'>ιιοιιο</span> <span class='ocrx_word' id='word_1_162' title='bbox 294 3231 328 3292; x_wconf 87' lang='lat' dir='ltr'>et</span> <span class='ocrx_word' id='word_1_163' title='bbox 350 3230 538 3312; x_wconf 78' lang='lat' dir='ltr'>reciproceis,</span> <span class='ocrx_word' id='word_1_164' title='bbox 569 3230 626 3294; x_wconf 85' lang='lat' dir='ltr'>uio</span> <span class='ocrx_word' id='word_1_165' title='bbox 648 3251 708 3314; x_wconf 91' lang='lat' dir='ltr'>pro</span> <span class='ocrx_word' id='word_1_166' title='bbox 730 3235 786 3294; x_wconf 81' lang='lat' dir='ltr'>utu</span> <span class='ocrx_word' id='word_1_167' title='bbox 810 3231 877 3296; x_wconf 84' lang='lat' dir='ltr'>sive</span> <span class='ocrx_word' id='word_1_168' title='bbox 902 3229 1068 3315; x_wconf 85' lang='lat' dir='ltr'>Scaligero</span> <span class='ocrx_word' id='word_1_169' title='bbox 1092 3229 1160 3294; x_wconf 81' lang='lat' dir='ltr'>sive</span> <span class='ocrx_word' id='word_1_170' title='bbox 1183 3229 1335 3296; x_wconf 87' lang='lat' dir='ltr'>Turnebo</span> 
     </span>
     <span class='ocr_line' id='line_1_25' title="bbox 193 3334 1335 3421; baseline 0.004 -23"><span class='ocrx_word' id='word_1_171' title='bbox 193 3334 327 3400; x_wconf 86' lang='lat' dir='ltr'>Advers.</span> <span class='ocrx_word' id='word_1_172' title='bbox 350 3335 410 3418; x_wconf 88' lang='lat' dir='ltr'>VI,</span> <span class='ocrx_word' id='word_1_173' title='bbox 436 3337 476 3401; x_wconf 89' lang='lat'>18</span> <span class='ocrx_word' id='word_1_174' title='bbox 500 3340 534 3400; x_wconf 89' lang='lat' dir='ltr'>et</span> <span class='ocrx_word' id='word_1_175' title='bbox 556 3335 664 3418; x_wconf 84' lang='lat' dir='ltr'>XVII,</span> <span class='ocrx_word' id='word_1_176' title='bbox 689 3336 723 3400; x_wconf 89' lang='lat'>8:</span> <span class='ocrx_word' id='word_1_177' title='bbox 756 3337 840 3421; x_wconf 91' lang='lat' dir='ltr'>quod</span> <span class='ocrx_word' id='word_1_178' title='bbox 871 3342 984 3404; x_wconf 91' lang='lat' dir='ltr'>contra</span> <span class='ocrx_word' id='word_1_179' title='bbox 1012 3336 1134 3402; x_wconf 89' lang='lat' dir='ltr'>eisdem</span> <span class='ocrx_word' id='word_1_180' title='bbox 1164 3337 1335 3421; x_wconf 87' lang='lat' dir='ltr'>probatum</span> 
     </span>
     <span class='ocr_line' id='line_1_26' title="bbox 189 3440 1336 3530; baseline 0.006 -27"><span class='ocrx_word' id='word_1_181' title='bbox 189 3441 353 3523; x_wconf 76' lang='lat' dir='ltr'>roeeproccs</span> <span class='ocrx_word' id='word_1_182' title='bbox 375 3461 433 3506; x_wconf 91' lang='lat' dir='ltr'>nec</span> <span class='ocrx_word' id='word_1_183' title='bbox 456 3441 524 3505; x_wconf 89' lang='lat' dir='ltr'>veri</span> <span class='ocrx_word' id='word_1_184' title='bbox 548 3440 655 3504; x_wconf 89' lang='lat' dir='ltr'>simile</span> <span class='ocrx_word' id='word_1_185' title='bbox 679 3444 730 3505; x_wconf 90' lang='lat' dir='ltr'>est</span> <span class='ocrx_word' id='word_1_186' title='bbox 751 3441 785 3506; x_wconf 92' lang='lat' dir='ltr'>in</span> <span class='ocrx_word' id='word_1_187' title='bbox 804 3442 962 3527; x_wconf 80' lang='lat' dir='ltr'>singulari</span> <span class='ocrx_word' id='word_1_188' title='bbox 980 3443 1157 3526; x_wconf 71' lang='lat' dir='ltr'>reciproceis</span> <span class='ocrx_word' id='word_1_189' title='bbox 1175 3445 1336 3530; x_wconf 87' lang='lat' dir='ltr'>scriptura</span> 
     </span>
     <span class='ocr_line' id='line_1_27' title="bbox 192 3546 1335 3636; baseline 0.003 -24"><span class='ocrx_word' id='word_1_190' title='bbox 192 3549 303 3632; x_wconf 88' lang='lat' dir='ltr'>latere,</span> <span class='ocrx_word' id='word_1_191' title='bbox 325 3570 385 3613; x_wconf 92' lang='lat' dir='ltr'>nec</span> <span class='ocrx_word' id='word_1_192' title='bbox 408 3551 459 3613; x_wconf 88' lang='lat' dir='ltr'>sat</span> <span class='ocrx_word' id='word_1_193' title='bbox 482 3546 687 3614; x_wconf 91' lang='lat' dir='ltr'>commodum</span> <span class='ocrx_word' id='word_1_194' title='bbox 711 3547 751 3612; x_wconf 86' lang='lat' dir='ltr'>ad</span> <span class='ocrx_word' id='word_1_195' title='bbox 780 3550 974 3614; x_wconf 82' lang='lat' dir='ltr'>sententiam</span> <span class='ocrx_word' id='word_1_196' title='bbox 992 3548 1163 3616; x_wconf 85' lang='lat' dir='ltr'>videbitur.</span> <span class='ocrx_word' id='word_1_197' title='bbox 1192 3550 1335 3636; x_wconf 82' lang='lat' dir='ltr'>Longius</span> 
     </span>
     <span class='ocr_line' id='line_1_28' title="bbox 192 3653 1335 3740; baseline 0.002 -22"><span class='ocrx_word' id='word_1_198' title='bbox 192 3657 301 3719; x_wconf 86' lang='lat' dir='ltr'>autem</span> <span class='ocrx_word' id='word_1_199' title='bbox 325 3677 345 3720; x_wconf 89' lang='lat' dir='ltr'>a</span> <span class='ocrx_word' id='word_1_200' title='bbox 366 3677 443 3719; x_wconf 88' lang='lat' dir='ltr'>vero</span> <span class='ocrx_word' id='word_1_201' title='bbox 466 3653 640 3720; x_wconf 87' lang='lat' dir='ltr'>Muellerus</span> <span class='ocrx_word' id='word_1_202' title='bbox 670 3654 802 3720; x_wconf 88' lang='lat' dir='ltr'>aberrat</span> <span class='ocrx_word' id='word_1_203' title='bbox 821 3656 936 3740; x_wconf 80' lang='lat' dir='ltr'>plopos</span> <span class='ocrx_word' id='word_1_204' title='bbox 958 3657 1004 3722; x_wconf 83' lang='lat' dir='ltr'>itu</span> <span class='ocrx_word' id='word_1_205' title='bbox 1031 3655 1175 3721; x_wconf 88' lang='lat' dir='ltr'>efficiens</span> <span class='ocrx_word' id='word_1_206' title='bbox 1199 3657 1335 3738; x_wconf 79' lang='lat' dir='ltr'>epium</span> 
     </span>
     <span class='ocr_line' id='line_1_29' title="bbox 191 3760 1407 3847; baseline 0.002 -21"><span class='ocrx_word' id='word_1_207' title='bbox 191 3766 258 3827; x_wconf 80' lang='lat' dir='ltr'>uto:</span> <span class='ocrx_word' id='word_1_208' title='bbox 290 3784 348 3826; x_wconf 89' lang='lat' dir='ltr'>nec</span> <span class='ocrx_word' id='word_1_209' title='bbox 376 3761 463 3846; x_wconf 85' lang='lat' dir='ltr'>enirn</span> <span class='ocrx_word' id='word_1_210' title='bbox 491 3761 525 3825; x_wconf 95' lang='lat' dir='ltr'>in</span> <span class='ocrx_word' id='word_1_211' title='bbox 552 3761 615 3826; x_wconf 90' lang='lat' dir='ltr'>fine</span> <span class='ocrx_word' id='word_1_212' title='bbox 644 3760 804 3826; x_wconf 88' lang='lat' dir='ltr'>enuntiati</span> <span class='ocrx_word' id='word_1_213' title='bbox 828 3762 875 3826; x_wconf 89' lang='lat' dir='ltr'>sic</span> <span class='ocrx_word' id='word_1_214' title='bbox 897 3762 1117 3847; x_wconf 83' lang='lat' dir='ltr'>postpositum</span> <span class='ocrx_word' id='word_1_215' title='bbox 1139 3763 1186 3828; x_wconf 68' lang='lat' dir='ltr'>iun</span> <span class='ocrx_word' id='word_1_216' title='bbox 1208 3763 1334 3828; x_wconf 85' lang='lat' dir='ltr'>veniam</span> <span class='ocrx_word' id='word_1_217' title='bbox 1405 3812 1407 3820; x_wconf 83' lang='grc'>.</span> 
     </span>
     <span class='ocr_line' id='line_1_30' title="bbox 191 3866 1333 3952; baseline 0.004 -20"><span class='ocrx_word' id='word_1_218' title='bbox 191 3868 303 3950; x_wconf 88' lang='lat' dir='ltr'>habet,</span> <span class='ocrx_word' id='word_1_219' title='bbox 333 3887 394 3932; x_wconf 91' lang='lat' dir='ltr'>nec</span> <span class='ocrx_word' id='word_1_220' title='bbox 420 3867 536 3952; x_wconf 80' lang='lat' dir='ltr'>plagas</span> <span class='ocrx_word' id='word_1_221' title='bbox 564 3866 672 3950; x_wconf 90' lang='lat' dir='ltr'>potius</span> <span class='ocrx_word' id='word_1_222' title='bbox 701 3890 797 3952; x_wconf 92' lang='lat' dir='ltr'>quam</span> <span class='ocrx_word' id='word_1_223' title='bbox 826 3869 1054 3934; x_wconf 74' lang='lat' dir='ltr'>altercantium</span> <span class='ocrx_word' id='word_1_224' title='bbox 1081 3870 1225 3936; x_wconf 82' lang='lat' dir='ltr'>convitia</span> <span class='ocrx_word' id='word_1_225' title='bbox 1247 3871 1333 3936; x_wconf 89' lang='lat' dir='ltr'>ultro</span> 
     </span>
     <span class='ocr_line' id='line_1_31' title="bbox 192 3965 1333 4063; baseline 0.004 -25"><span class='ocrx_word' id='word_1_226' title='bbox 192 3975 336 4059; x_wconf 88' lang='lat' dir='ltr'>citroque</span> <span class='ocrx_word' id='word_1_227' title='bbox 364 3974 485 4039; x_wconf 86' lang='lat' dir='ltr'>iactata</span> <span class='ocrx_word' id='word_1_228' title='bbox 511 3973 657 4060; x_wconf 86' lang='lat' dir='ltr'>intellegi</span> <span class='ocrx_word' id='word_1_229' title='bbox 681 3974 879 4041; x_wconf 87' lang='lat' dir='ltr'>crediderim.</span> <span class='ocrx_word' id='word_1_230' title='bbox 924 3975 1013 4052; x_wconf 82' lang='lat' dir='ltr'>Quae</span> <span class='ocrx_word' id='word_1_231' title='bbox 1037 3965 1282 4063; x_wconf 76' lang='lat' dir='ltr'>‘reciprocatio’</span> <span class='ocrx_word' id='word_1_232' title='bbox 1306 3979 1333 4043; x_wconf 87' lang='lat' dir='ltr'>si</span> 
     </span>
     <span class='ocr_line' id='line_1_32' title="bbox 191 4079 1334 4169; baseline 0.003 -24"><span class='ocrx_word' id='word_1_233' title='bbox 191 4103 263 4146; x_wconf 90' lang='lat' dir='ltr'>cum</span> <span class='ocrx_word' id='word_1_234' title='bbox 283 4081 482 4146; x_wconf 86' lang='lat' dir='ltr'>alternorum</span> <span class='ocrx_word' id='word_1_235' title='bbox 501 4085 648 4146; x_wconf 90' lang='lat' dir='ltr'>motuum</span> <span class='ocrx_word' id='word_1_236' title='bbox 663 4079 911 4148; x_wconf 78' lang='lat' dir='ltr'>‘tollenonis&#39;</span> <span class='ocrx_word' id='word_1_237' title='bbox 926 4083 1100 4150; x_wconf 77' lang='lat' dir='ltr'>crebritate</span> <span class='ocrx_word' id='word_1_238' title='bbox 1119 4088 1334 4169; x_wconf 82' lang='lat' dir='ltr'>comparatur,</span> 
     </span>
     <span class='ocr_line' id='line_1_33' title="bbox 191 4187 1334 4274; baseline 0.003 -22"><span class='ocrx_word' id='word_1_239' title='bbox 191 4188 364 4254; x_wconf 84' lang='lat' dir='ltr'>tenendum</span> <span class='ocrx_word' id='word_1_240' title='bbox 388 4191 438 4252; x_wconf 91' lang='lat' dir='ltr'>est</span> <span class='ocrx_word' id='word_1_241' title='bbox 460 4187 622 4272; x_wconf 88' lang='lat' dir='ltr'>duplicem</span> <span class='ocrx_word' id='word_1_242' title='bbox 647 4189 723 4253; x_wconf 85' lang='lat' dir='ltr'>talis</span> <span class='ocrx_word' id='word_1_243' title='bbox 747 4189 915 4255; x_wconf 81' lang='lat' dir='ltr'>machinae</span> <span class='ocrx_word' id='word_1_244' title='bbox 934 4191 1101 4257; x_wconf 88' lang='lat' dir='ltr'>notionem</span> <span class='ocrx_word' id='word_1_245' title='bbox 1117 4213 1195 4274; x_wconf 90' lang='lat' dir='ltr'>esse,</span> <span class='ocrx_word' id='word_1_246' title='bbox 1218 4195 1255 4256; x_wconf 91' lang='lat' dir='ltr'>ut</span> <span class='ocrx_word' id='word_1_247' title='bbox 1277 4196 1334 4256; x_wconf 74' lang='lat' dir='ltr'>arat</span> 
     </span>
     <span class='ocr_line' id='line_1_34' title="bbox 193 4293 1334 4380; baseline 0.002 -22"><span class='ocrx_word' id='word_1_248' title='bbox 193 4293 233 4358; x_wconf 90' lang='lat' dir='ltr'>ad</span> <span class='ocrx_word' id='word_1_249' title='bbox 260 4294 351 4380; x_wconf 83' lang='lat' dir='ltr'>pacis</span> <span class='ocrx_word' id='word_1_250' title='bbox 380 4299 465 4362; x_wconf 86' lang='lat' dir='ltr'>artes</span> <span class='ocrx_word' id='word_1_251' title='bbox 493 4297 550 4360; x_wconf 89' lang='lat' dir='ltr'>aut</span> <span class='ocrx_word' id='word_1_252' title='bbox 577 4293 619 4360; x_wconf 90' lang='lat' dir='ltr'>ad</span> <span class='ocrx_word' id='word_1_253' title='bbox 645 4317 723 4360; x_wconf 88' lang='lat' dir='ltr'>usus</span> <span class='ocrx_word' id='word_1_254' title='bbox 751 4296 884 4362; x_wconf 89' lang='lat' dir='ltr'>bellicos</span> <span class='ocrx_word' id='word_1_255' title='bbox 908 4301 1041 4376; x_wconf 84' lang='lat' dir='ltr'>spectet</span> <span class='ocrx_word' id='word_1_256' title='bbox 1086 4297 1169 4362; x_wconf 93' lang='lat' dir='ltr'>Illuc</span> <span class='ocrx_word' id='word_1_257' title='bbox 1192 4296 1334 4380; x_wconf 89' lang='lat' dir='ltr'>pertinet</span> 
     </span>
     <span class='ocr_line' id='line_1_35' title="bbox 191 4398 1332 4489; baseline 0.004 -25"><span class='ocrx_word' id='word_1_258' title='bbox 191 4398 281 4466; x_wconf 81' lang='lat' dir='ltr'>Festi</span> <span class='ocrx_word' id='word_1_259' title='bbox 299 4401 527 4486; x_wconf 87' lang='lat' dir='ltr'>interpretatio</span> <span class='ocrx_word' id='word_1_260' title='bbox 546 4425 578 4486; x_wconf 93' lang='lat' dir='ltr'>p.</span> <span class='ocrx_word' id='word_1_261' title='bbox 588 4401 707 4486; x_wconf 76' lang='lat'><strong>356‚8:</strong></span> <span class='ocrx_word' id='word_1_262' title='bbox 731 4401 870 4468; x_wconf 81' lang='lat' dir='ltr'>‘tolleno</span> <span class='ocrx_word' id='word_1_263' title='bbox 893 4402 1040 4488; x_wconf 82' lang='lat' dir='ltr'>(tolenno</span> <span class='ocrx_word' id='word_1_264' title='bbox 1059 4402 1136 4489; x_wconf 84' lang='lat' dir='ltr'>cod.)</span> <span class='ocrx_word' id='word_1_265' title='bbox 1159 4407 1209 4466; x_wconf 88' lang='lat' dir='ltr'>est</span> <span class='ocrx_word' id='word_1_266' title='bbox 1232 4423 1332 4488; x_wconf 89' lang='lat' dir='ltr'>genus</span> 
     </span>
     <span class='ocr_line' id='line_1_36' title="bbox 191 4507 1332 4596; baseline 0.005 -26"><span class='ocrx_word' id='word_1_267' title='bbox 191 4507 359 4571; x_wconf 87' lang='lat' dir='ltr'>machinae</span> <span class='ocrx_word' id='word_1_268' title='bbox 386 4529 449 4591; x_wconf 90' lang='lat' dir='ltr'>qno</span> <span class='ocrx_word' id='word_1_269' title='bbox 479 4507 619 4571; x_wconf 88' lang='lat' dir='ltr'>trahitur</span> <span class='ocrx_word' id='word_1_270' title='bbox 647 4529 744 4592; x_wconf 86' lang='lat' dir='ltr'>aqua,</span> <span class='ocrx_word' id='word_1_271' title='bbox 775 4509 910 4573; x_wconf 87' lang='lat' dir='ltr'>alteram</span> <span class='ocrx_word' id='word_1_272' title='bbox 937 4513 1065 4594; x_wconf 91' lang='lat' dir='ltr'>partem</span> <span class='ocrx_word' id='word_1_273' title='bbox 1097 4515 1332 4596; x_wconf 80' lang='lat' dir='ltr'>praegravante</span> 
     </span>
    </p>
   </div>
   <div class='ocr_carea' id='block_1_10' title="bbox 0 0 1642 5114">
    <p class='ocr_par' dir='ltr' id='par_1_11' title="bbox 0 0 1642 5114">
     <span class='ocr_line' id='line_1_37' title="bbox 0 0 1642 5114; baseline 0 0"><span class='ocrx_word' id='word_1_274' title='bbox 0 0 1642 5114; x_wconf 95' lang='lat' dir='ltr'> </span> 
     </span>
    </p>
   </div>
  </div>
 </body>
</html>
