<?xml version="1.0" encoding="UTF-8"?>
<!DOCTYPE html PUBLIC "-//W3C//DTD XHTML 1.0 Transitional//EN"
    "http://www.w3.org/TR/xhtml1/DTD/xhtml1-transitional.dtd">
<html xmlns="http://www.w3.org/1999/xhtml" xml:lang="en" lang="en">
 <head>
  <title>
</title>
<meta http-equiv="Content-Type" content="text/html;charset=utf-8" />
  <meta name='ocr-system' content='tesseract 3.04.00' />
  <meta name='ocr-capabilities' content='ocr_page ocr_carea ocr_par ocr_line ocrx_word'/>
</head>
<body>
  <div class='ocr_page' id='page_1' title='image "./fridericiritsch09wachgoog_0410.png"; bbox 0 0 3302 5106; ppageno 0'>
   <div class='ocr_carea' id='block_1_1' title="bbox 571 399 1354 468">
    <p class='ocr_par' dir='ltr' id='par_1_1' title="bbox 571 399 1354 468">
     <span class='ocr_line' id='line_1_1' title="bbox 571 399 1354 468; baseline -0.003 -2"><span class='ocrx_word' id='word_1_1' title='bbox 571 417 847 468; x_wconf 82' lang='lat' dir='ltr'>urscmnmsavu</span> <span class='ocrx_word' id='word_1_2' title='bbox 869 417 994 466; x_wconf 79' lang='lat' dir='ltr'>amnis.</span> <span class='ocrx_word' id='word_1_3' title='bbox 1289 399 1354 466; x_wconf 83' lang='lat'>385</span> 
     </span>
    </p>
   </div>
   <div class='ocr_carea' id='block_1_2' title="bbox 207 559 1398 3838">
    <p class='ocr_par' dir='ltr' id='par_1_2' title="bbox 207 559 1398 3838">
     <span class='ocr_line' id='line_1_2' title="bbox 210 559 1355 645; baseline -0.002 -21"><span class='ocrx_word' id='word_1_4' title='bbox 210 559 334 642; x_wconf 86' lang='lat' dir='ltr'>satiris,</span> <span class='ocrx_word' id='word_1_5' title='bbox 366 560 463 625; x_wconf 90' lang='lat' dir='ltr'>modo</span> <span class='ocrx_word' id='word_1_6' title='bbox 496 561 583 640; x_wconf 79' lang='lat' dir='ltr'>effert</span> <span class='ocrx_word' id='word_1_7' title='bbox 610 562 770 626; x_wconf 78' lang='lat' dir='ltr'>scribatur</span> <span class='ocrx_word' id='word_1_8' title='bbox 799 583 859 645; x_wconf 94' lang='lat' dir='ltr'>pro</span> <span class='ocrx_word' id='word_1_9' title='bbox 888 559 998 642; x_wconf 80' lang='lat' dir='ltr'>refert:</span> <span class='ocrx_word' id='word_1_10' title='bbox 1031 563 1064 623; x_wconf 91' lang='lat' dir='ltr'>et</span> <span class='ocrx_word' id='word_1_11' title='bbox 1085 559 1120 622; x_wconf 91' lang='lat' dir='ltr'>in</span> <span class='ocrx_word' id='word_1_12' title='bbox 1144 580 1181 623; x_wconf 91' lang='lat' dir='ltr'>eo</span> <span class='ocrx_word' id='word_1_13' title='bbox 1206 580 1282 622; x_wconf 89' lang='lat' dir='ltr'>sane</span> <span class='ocrx_word' id='word_1_14' title='bbox 1306 562 1355 622; x_wconf 90' lang='lat' dir='ltr'>est</span> 
     </span>
     <span class='ocr_line' id='line_1_3' title="bbox 209 664 1354 752; baseline 0 -24"><span class='ocrx_word' id='word_1_15' title='bbox 209 664 392 745; x_wconf 86' lang='lat' dir='ltr'>Diomedes,</span> <span class='ocrx_word' id='word_1_16' title='bbox 415 670 452 731; x_wconf 92' lang='lat' dir='ltr'>ut</span> <span class='ocrx_word' id='word_1_17' title='bbox 474 689 574 732; x_wconf 83' lang='lat' dir='ltr'>novas</span> <span class='ocrx_word' id='word_1_18' title='bbox 600 691 750 734; x_wconf 85' lang='lat' dir='ltr'>versuum</span> <span class='ocrx_word' id='word_1_19' title='bbox 773 667 895 732; x_wconf 84' lang='lat' dir='ltr'>formas</span> <span class='ocrx_word' id='word_1_20' title='bbox 920 691 939 731; x_wconf 89' lang='lat' dir='ltr'>a</span> <span class='ocrx_word' id='word_1_21' title='bbox 962 665 1155 752; x_wconf 86' lang='lat' dir='ltr'>quibusdam</span> <span class='ocrx_word' id='word_1_22' title='bbox 1178 665 1283 749; x_wconf 89' lang='lat' dir='ltr'>poetis</span> <span class='ocrx_word' id='word_1_23' title='bbox 1303 685 1354 728; x_wconf 88' lang='lat' dir='ltr'>ex·</span> 
     </span>
     <span class='ocr_line' id='line_1_4' title="bbox 209 771 1355 858; baseline -0.002 -22"><span class='ocrx_word' id='word_1_24' title='bbox 209 773 371 857; x_wconf 84' lang='lat' dir='ltr'>cogitatas</span> <span class='ocrx_word' id='word_1_25' title='bbox 391 779 592 858; x_wconf 81' lang='lat' dir='ltr'>percenseat3</span> <span class='ocrx_word' id='word_1_26' title='bbox 615 779 839 839; x_wconf 79' lang='lat' dir='ltr'>verumtamen</span> <span class='ocrx_word' id='word_1_27' title='bbox 858 796 930 838; x_wconf 89' lang='lat' dir='ltr'>cum</span> <span class='ocrx_word' id='word_1_28' title='bbox 950 777 1079 858; x_wconf 89' lang='lat' dir='ltr'>praeter</span> <span class='ocrx_word' id='word_1_29' title='bbox 1096 773 1158 837; x_wconf 92' lang='lat' dir='ltr'>hoc</span> <span class='ocrx_word' id='word_1_30' title='bbox 1174 771 1355 854; x_wconf 87' lang='lat' dir='ltr'>exemplum</span> 
     </span>
     <span class='ocr_line' id='line_1_5' title="bbox 209 877 1395 964; baseline -0.001 -22"><span class='ocrx_word' id='word_1_31' title='bbox 209 877 320 943; x_wconf 84' lang='lat' dir='ltr'><strong>Sereni</strong></span> <span class='ocrx_word' id='word_1_32' title='bbox 352 884 386 944; x_wconf 90' lang='lat' dir='ltr'>et</span> <span class='ocrx_word' id='word_1_33' title='bbox 418 880 543 944; x_wconf 81' lang='lat' dir='ltr'>Arbitri</span> <span class='ocrx_word' id='word_1_34' title='bbox 576 885 744 964; x_wconf 86' lang='lat' dir='ltr'>poetarum</span> <span class='ocrx_word' id='word_1_35' title='bbox 777 882 939 945; x_wconf 89' lang='lat' dir='ltr'>mentione</span> <span class='ocrx_word' id='word_1_36' title='bbox 970 903 1004 946; x_wconf 91' lang='lat' dir='ltr'>se</span> <span class='ocrx_word' id='word_1_37' title='bbox 1035 879 1214 961; x_wconf 87' lang='lat' dir='ltr'>contineat,</span> <span class='ocrx_word' id='word_1_38' title='bbox 1246 881 1355 942; x_wconf 86' lang='lat' dir='ltr'>teneat</span> <span class='ocrx_word' id='word_1_39' title='bbox 1392 890 1395 896; x_wconf 85' lang='lat'>&#39;</span> 
     </span>
     <span class='ocr_line' id='line_1_6' title="bbox 209 981 1354 1073; baseline -0.002 -25"><span class='ocrx_word' id='word_1_40' title='bbox 209 981 318 1049; x_wconf 84' lang='lat' dir='ltr'>autem</span> <span class='ocrx_word' id='word_1_41' title='bbox 341 985 375 1049; x_wconf 91' lang='lat' dir='ltr'>in</span> <span class='ocrx_word' id='word_1_42' title='bbox 398 987 529 1069; x_wconf 89' lang='lat' dir='ltr'>reliquis</span> <span class='ocrx_word' id='word_1_43' title='bbox 553 988 701 1052; x_wconf 88' lang='lat' dir='ltr'>omnibus</span> <span class='ocrx_word' id='word_1_44' title='bbox 726 987 787 1051; x_wconf 91' lang='lat' dir='ltr'>hoc</span> <span class='ocrx_word' id='word_1_45' title='bbox 809 987 962 1072; x_wconf 90' lang='lat' dir='ltr'>loquendi</span> <span class='ocrx_word' id='word_1_46' title='bbox 986 1009 1087 1073; x_wconf 82' lang='lat' dir='ltr'>genus</span> <span class='ocrx_word' id='word_1_47' title='bbox 1104 987 1196 1067; x_wconf 77' lang='lat' dir='ltr'>fecit</span> <span class='ocrx_word' id='word_1_48' title='bbox 1213 985 1281 1062; x_wconf 84' lang='lat' dir='ltr'>tale,</span> <span class='ocrx_word' id='word_1_49' title='bbox 1304 987 1354 1047; x_wconf 89' lang='lat' dir='ltr'>tu-</span> 
     </span>
     <span class='ocr_line' id='line_1_7' title="bbox 208 1091 1394 1177; baseline -0.003 -21"><span class='ocrx_word' id='word_1_50' title='bbox 208 1092 371 1156; x_wconf 86' lang='lat' dir='ltr'>tissimum</span> <span class='ocrx_word' id='word_1_51' title='bbox 399 1091 496 1156; x_wconf 85' lang='lat' dir='ltr'>fuerit</span> <span class='ocrx_word' id='word_1_52' title='bbox 523 1093 583 1156; x_wconf 89' lang='lat' dir='ltr'>illa</span> <span class='ocrx_word' id='word_1_53' title='bbox 610 1094 644 1157; x_wconf 90' lang='lat' dir='ltr'>in</span> <span class='ocrx_word' id='word_1_54' title='bbox 672 1093 754 1158; x_wconf 86' lang='lat' dir='ltr'>hane</span> <span class='ocrx_word' id='word_1_55' title='bbox 785 1094 892 1177; x_wconf 90' lang='lat' dir='ltr'>potius</span> <span class='ocrx_word' id='word_1_56' title='bbox 916 1097 1042 1177; x_wconf 90' lang='lat' dir='ltr'>partem</span> <span class='ocrx_word' id='word_1_57' title='bbox 1066 1091 1286 1175; x_wconf 88' lang='lat' dir='ltr'>interpretari,</span> <span class='ocrx_word' id='word_1_58' title='bbox 1319 1093 1355 1154; x_wconf 91' lang='lat' dir='ltr'>ut</span> <span class='ocrx_word' id='word_1_59' title='bbox 1368 1105 1394 1145; x_wconf 82' lang='lat' dir='ltr'>u</span> 
     </span>
     <span class='ocr_line' id='line_1_8' title="bbox 210 1194 1356 1284; baseline -0.001 -23"><span class='ocrx_word' id='word_1_60' title='bbox 210 1197 258 1274; x_wconf 84' lang='lat' dir='ltr'>ad¹</span> <span class='ocrx_word' id='word_1_61' title='bbox 283 1199 459 1262; x_wconf 88' lang='lat' dir='ltr'>iambicum</span> <span class='ocrx_word' id='word_1_62' title='bbox 491 1219 593 1283; x_wconf 85' lang='lat' dir='ltr'>genus</span> <span class='ocrx_word' id='word_1_63' title='bbox 622 1198 779 1284; x_wconf 76' lang='lat' dir='ltr'>(iambico)</span> <span class='ocrx_word' id='word_1_64' title='bbox 807 1222 918 1264; x_wconf 89' lang='lat' dir='ltr'>rursus</span> <span class='ocrx_word' id='word_1_65' title='bbox 946 1199 1043 1264; x_wconf 90' lang='lat' dir='ltr'>alium</span> <span class='ocrx_word' id='word_1_66' title='bbox 1073 1221 1200 1264; x_wconf 85' lang='lat' dir='ltr'>versum</span> <span class='ocrx_word' id='word_1_67' title='bbox 1230 1194 1356 1284; x_wconf 69' lang='lat' dir='ltr'>(nocam</span> 
     </span>
     <span class='ocr_line' id='line_1_9' title="bbox 209 1294 1355 1394; baseline -0.001 -25"><span class='ocrx_word' id='word_1_68' title='bbox 209 1326 341 1388; x_wconf 77' lang='lat' dir='ltr'>carrncn,</span> <span class='ocrx_word' id='word_1_69' title='bbox 363 1305 506 1370; x_wconf 88' lang='lat' dir='ltr'>nondum</span> <span class='ocrx_word' id='word_1_70' title='bbox 527 1305 827 1394; x_wconf 88' lang='lat' dir='ltr'>commemoratum)</span> <span class='ocrx_word' id='word_1_71' title='bbox 847 1307 966 1372; x_wconf 86' lang='lat' dir='ltr'>referre</span> <span class='ocrx_word' id='word_1_72' title='bbox 983 1305 1089 1371; x_wconf 86' lang='lat' dir='ltr'>Varro</span> <span class='ocrx_word' id='word_1_73' title='bbox 1108 1307 1242 1370; x_wconf 90' lang='lat' dir='ltr'>dicatur.</span> <span class='ocrx_word' id='word_1_74' title='bbox 1280 1294 1355 1368; x_wconf 83' lang='lat' dir='ltr'>Sine</span> 
     </span>
     <span class='ocr_line' id='line_1_10' title="bbox 210 1412 1355 1520; baseline -0.002 -44"><span class='ocrx_word' id='word_1_75' title='bbox 210 1413 432 1476; x_wconf 85' lang='lat' dir='ltr'>controversia</span> <span class='ocrx_word' id='word_1_76' title='bbox 464 1417 572 1476; x_wconf 88' lang='lat' dir='ltr'>autem</span> <span class='ocrx_word' id='word_1_77' title='bbox 605 1413 645 1478; x_wconf 90' lang='lat' dir='ltr'>ad</span> <span class='ocrx_word' id='word_1_78' title='bbox 678 1412 837 1478; x_wconf 82' lang='lat' dir='ltr'><strong>Varronis</strong></span> <span class='ocrx_word' id='word_1_79' title='bbox 871 1414 909 1520; x_wconf 62' lang='lat' dir='ltr'>de</span> <span class='ocrx_word' id='word_1_80' title='bbox 942 1413 1055 1477; x_wconf 88' lang='lat' dir='ltr'>metris</span> <span class='ocrx_word' id='word_1_81' title='bbox 1088 1412 1355 1476; x_wconf 88' lang='lat' dir='ltr'>commentarium</span> 
     </span>
     <span class='ocr_line' id='line_1_11' title="bbox 211 1518 1398 1602; baseline -0.002 -20"><span class='ocrx_word' id='word_1_82' title='bbox 211 1519 267 1582; x_wconf 91' lang='lat' dir='ltr'>illa</span> <span class='ocrx_word' id='word_1_83' title='bbox 291 1520 454 1602; x_wconf 77' lang='lat' dir='ltr'>pertinent</span> <span class='ocrx_word' id='word_1_84' title='bbox 482 1540 512 1601; x_wconf 90' lang='lat' dir='ltr'>p.</span> <span class='ocrx_word' id='word_1_85' title='bbox 535 1519 600 1583; x_wconf 84' lang='grc'>496</span> <span class='ocrx_word' id='word_1_86' title='bbox 625 1523 644 1600; x_wconf 66' lang='grc' dir='ltr'><strong>ἓ</strong></span> <span class='ocrx_word' id='word_1_87' title='bbox 668 1520 725 1583; x_wconf 85' lang='lat'>40:</span> <span class='ocrx_word' id='word_1_88' title='bbox 760 1519 860 1584; x_wconf 77' lang='lat' dir='ltr'>Varro</span> <span class='ocrx_word' id='word_1_89' title='bbox 882 1519 956 1583; x_wconf 77' lang='lat' dir='ltr'>dicit</span> <span class='ocrx_word' id='word_1_90' title='bbox 978 1519 1059 1582; x_wconf 77' lang='lat' dir='ltr'>inter</span> <span class='ocrx_word' id='word_1_91' title='bbox 1080 1518 1270 1602; x_wconf 67' lang='lat' dir='ltr'>rhythmum,</span> <span class='ocrx_word' id='word_1_92' title='bbox 1302 1519 1357 1598; x_wconf 74' lang='lat' dir='ltr'>prii</span> <span class='ocrx_word' id='word_1_93' title='bbox 1394 1551 1398 1556; x_wconf 96' lang='lat'>·</span> 
     </span>
     <span class='ocr_line' id='line_1_12' title="bbox 210 1625 1355 1706; baseline -0.001 -18"><span class='ocrx_word' id='word_1_94' title='bbox 210 1625 306 1688; x_wconf 82' lang='lat' dir='ltr'>latine</span> <span class='ocrx_word' id='word_1_95' title='bbox 326 1646 474 1690; x_wconf 71' lang='lat' dir='ltr'>narramus</span> <span class='ocrx_word' id='word_1_96' title='bbox 496 1631 629 1704; x_wconf 82' lang='lat' dir='ltr'>cocatar,</span> <span class='ocrx_word' id='word_1_97' title='bbox 652 1631 680 1690; x_wconf 89' lang='lat' dir='ltr'>et</span> <span class='ocrx_word' id='word_1_98' title='bbox 700 1631 830 1691; x_wconf 63' lang='lat' dir='ltr'>mnsam</span> <span class='ocrx_word' id='word_1_99' title='bbox 850 1626 904 1690; x_wconf 79' lang='lat' dir='ltr'>boc</span> <span class='ocrx_word' id='word_1_100' title='bbox 921 1627 1071 1706; x_wconf 76' lang='lat' dir='ltr'>interesse,</span> <span class='ocrx_word' id='word_1_101' title='bbox 1094 1626 1175 1705; x_wconf 81' lang='lat' dir='ltr'>quod</span> <span class='ocrx_word' id='word_1_102' title='bbox 1191 1626 1272 1688; x_wconf 80' lang='lat' dir='ltr'>inter</span> <span class='ocrx_word' id='word_1_103' title='bbox 1290 1645 1355 1687; x_wconf 84' lang='lat' dir='ltr'>mc-</span> 
     </span>
     <span class='ocr_line' id='line_1_13' title="bbox 212 1729 1355 1816; baseline -0.003 -20"><span class='ocrx_word' id='word_1_104' title='bbox 212 1733 321 1796; x_wconf 82' lang='lat' dir='ltr'>teriam</span> <span class='ocrx_word' id='word_1_105' title='bbox 344 1737 373 1796; x_wconf 83' lang='lat' dir='ltr'>et</span> <span class='ocrx_word' id='word_1_106' title='bbox 393 1733 540 1815; x_wconf 74' lang='lat' dir='ltr'>rapulam.</span> <span class='ocrx_word' id='word_1_107' title='bbox 582 1732 725 1808; x_wconf 85' lang='lat' dir='ltr'>Quocum</span> <span class='ocrx_word' id='word_1_108' title='bbox 750 1731 975 1816; x_wconf 88' lang='lat' dir='ltr'>componenda</span> <span class='ocrx_word' id='word_1_109' title='bbox 994 1730 1089 1795; x_wconf 87' lang='lat' dir='ltr'>Marii</span> <span class='ocrx_word' id='word_1_110' title='bbox 1109 1729 1271 1794; x_wconf 78' lang='lat' dir='ltr'>Victorini</span> <span class='ocrx_word' id='word_1_111' title='bbox 1293 1751 1355 1792; x_wconf 81' lang='lat' dir='ltr'>me</span> 
     </span>
     <span class='ocr_line' id='line_1_14' title="bbox 210 1835 1356 1923; baseline -0.003 -22"><span class='ocrx_word' id='word_1_112' title='bbox 210 1839 313 1904; x_wconf 87' lang='lat' dir='ltr'>moria</span> <span class='ocrx_word' id='word_1_113' title='bbox 345 1839 423 1903; x_wconf 90' lang='lat' dir='ltr'>item</span> <span class='ocrx_word' id='word_1_114' title='bbox 457 1838 497 1902; x_wconf 87' lang='lat' dir='ltr'>ad</span> <span class='ocrx_word' id='word_1_115' title='bbox 529 1839 657 1922; x_wconf 82' lang='lat' dir='ltr'>generis</span> <span class='ocrx_word' id='word_1_116' title='bbox 685 1839 937 1923; x_wconf 79' lang='lat' dir='ltr'>descriptIonem</span> <span class='ocrx_word' id='word_1_117' title='bbox 964 1838 1128 1923; x_wconf 73' lang='lat' dir='ltr'>pertinens</span> <span class='ocrx_word' id='word_1_118' title='bbox 1156 1859 1187 1920; x_wconf 92' lang='lat' dir='ltr'>p.</span> <span class='ocrx_word' id='word_1_119' title='bbox 1211 1836 1297 1901; x_wconf 81' lang='lat'><strong>2498</strong></span> <span class='ocrx_word' id='word_1_120' title='bbox 1321 1835 1356 1899; x_wconf 93' lang='lat' dir='ltr'>P.</span> 
     </span>
     <span class='ocr_line' id='line_1_15' title="bbox 212 1943 1357 2028; baseline -0.001 -20"><span class='ocrx_word' id='word_1_121' title='bbox 212 1945 253 2008; x_wconf 77' lang='lat'>72</span> <span class='ocrx_word' id='word_1_122' title='bbox 277 1943 328 2010; x_wconf 86' lang='lat' dir='ltr'>G.:</span> <span class='ocrx_word' id='word_1_123' title='bbox 354 1965 459 2010; x_wconf 68' lang='lat' dir='ltr'>cone</span> <span class='ocrx_word' id='word_1_124' title='bbox 480 1949 536 2027; x_wconf 83' lang='lat' dir='ltr'>cst,</span> <span class='ocrx_word' id='word_1_125' title='bbox 566 1949 601 2008; x_wconf 83' lang='lat' dir='ltr'>ut</span> <span class='ocrx_word' id='word_1_126' title='bbox 628 1945 762 2009; x_wconf 79' lang='lat' dir='ltr'>Varroni</span> <span class='ocrx_word' id='word_1_127' title='bbox 779 1946 888 2028; x_wconf 83' lang='lat' dir='ltr'>placet,</span> <span class='ocrx_word' id='word_1_128' title='bbox 911 1945 1069 2009; x_wconf 66' lang='lat' dir='ltr'>vatorum</span> <span class='ocrx_word' id='word_1_129' title='bbox 1092 1945 1250 2025; x_wconf 71' lang='lat' dir='ltr'>laudaro,</span> <span class='ocrx_word' id='word_1_130' title='bbox 1279 1963 1357 2024; x_wconf 75' lang='lat' dir='ltr'>orcae</span> 
     </span>
     <span class='ocr_line' id='line_1_16' title="bbox 207 2038 1356 2134; baseline -0.002 -19"><span class='ocrx_word' id='word_1_131' title='bbox 207 2071 264 2132; x_wconf 83' lang='lat' dir='ltr'>per</span> <span class='ocrx_word' id='word_1_132' title='bbox 286 2052 432 2116; x_wconf 76' lang='lat' dir='ltr'><em>articulos</em></span> <span class='ocrx_word' id='word_1_133' title='bbox 449 2056 478 2114; x_wconf 87' lang='lat' dir='ltr'>et</span> <span class='ocrx_word' id='word_1_134' title='bbox 495 2057 646 2114; x_wconf 75' lang='lat' dir='ltr'>ceromata</span> <span class='ocrx_word' id='word_1_135' title='bbox 664 2072 701 2115; x_wconf 88' lang='lat' dir='ltr'>ac</span> <span class='ocrx_word' id='word_1_136' title='bbox 718 2038 874 2134; x_wconf 82' lang='lat' dir='ltr'>rbytlnnos</span> <span class='ocrx_word' id='word_1_137' title='bbox 892 2052 1070 2117; x_wconf 74' lang='lat' dir='ltr'>modrclotur</span> <span class='ocrx_word' id='word_1_138' title='bbox 1087 2051 1122 2114; x_wconf 81' lang='lat' dir='ltr'>in</span> <span class='ocrx_word' id='word_1_139' title='bbox 1135 2051 1234 2132; x_wconf 80' lang='lat' dir='ltr'>pedes.</span> <span class='ocrx_word' id='word_1_140' title='bbox 1271 2047 1356 2113; x_wconf 89' lang='lat' dir='ltr'>Nam</span> 
     </span>
     <span class='ocr_line' id='line_1_17' title="bbox 211 2156 1356 2241; baseline -0.003 -19"><span class='ocrx_word' id='word_1_141' title='bbox 211 2159 271 2222; x_wconf 88' lang='lat' dir='ltr'>etsi</span> <span class='ocrx_word' id='word_1_142' title='bbox 309 2157 388 2221; x_wconf 89' lang='lat' dir='ltr'>haec</span> <span class='ocrx_word' id='word_1_143' title='bbox 421 2157 549 2241; x_wconf 89' lang='lat' dir='ltr'>quidem</span> <span class='ocrx_word' id='word_1_144' title='bbox 583 2161 758 2241; x_wconf 89' lang='lat' dir='ltr'>potuerunt</span> <span class='ocrx_word' id='word_1_145' title='bbox 791 2182 868 2224; x_wconf 90' lang='lat' dir='ltr'>sane</span> <span class='ocrx_word' id='word_1_146' title='bbox 902 2159 1000 2223; x_wconf 90' lang='lat' dir='ltr'>etiam</span> <span class='ocrx_word' id='word_1_147' title='bbox 1034 2158 1068 2221; x_wconf 92' lang='lat' dir='ltr'>iu</span> <span class='ocrx_word' id='word_1_148' title='bbox 1101 2156 1356 2240; x_wconf 82' lang='lat' dir='ltr'>Disciplinarum</span> 
     </span>
     <span class='ocr_line' id='line_1_18' title="bbox 213 2251 1356 2348; baseline 0.002 -24"><span class='ocrx_word' id='word_1_149' title='bbox 213 2263 297 2328; x_wconf 90' lang='lat' dir='ltr'>libro</span> <span class='ocrx_word' id='word_1_150' title='bbox 320 2263 350 2346; x_wconf 91' lang='lat' dir='ltr'>I,</span> <span class='ocrx_word' id='word_1_151' title='bbox 378 2287 441 2347; x_wconf 88' lang='lat' dir='ltr'>quo</span> <span class='ocrx_word' id='word_1_152' title='bbox 464 2265 679 2348; x_wconf 80' lang='lat' dir='ltr'>grammatica</span> <span class='ocrx_word' id='word_1_153' title='bbox 703 2266 918 2346; x_wconf 75' lang='lat' dir='ltr'>tractabatur,</span> <span class='ocrx_word' id='word_1_154' title='bbox 948 2265 1055 2328; x_wconf 91' lang='lat' dir='ltr'>locum</span> <span class='ocrx_word' id='word_1_155' title='bbox 1079 2251 1210 2344; x_wconf 83' lang='lat' dir='ltr'>habere,</span> <span class='ocrx_word' id='word_1_156' title='bbox 1239 2267 1356 2346; x_wconf 62' lang='lat' dir='ltr'>minen,</span> 
     </span>
     <span class='ocr_line' id='line_1_19' title="bbox 213 2365 1356 2456; baseline 0.001 -24"><span class='ocrx_word' id='word_1_157' title='bbox 213 2370 240 2433; x_wconf 89' lang='lat' dir='ltr'>si</span> <span class='ocrx_word' id='word_1_158' title='bbox 273 2369 369 2435; x_wconf 88' lang='lat' dir='ltr'>modo</span> <span class='ocrx_word' id='word_1_159' title='bbox 392 2370 475 2434; x_wconf 90' lang='lat' dir='ltr'>liber</span> <span class='ocrx_word' id='word_1_160' title='bbox 498 2370 561 2434; x_wconf 90' lang='lat' dir='ltr'>VII</span> <span class='ocrx_word' id='word_1_161' title='bbox 585 2369 684 2456; x_wconf 88' lang='lat' dir='ltr'>(idem</span> <span class='ocrx_word' id='word_1_162' title='bbox 712 2375 749 2434; x_wconf 91' lang='lat' dir='ltr'>ut</span> <span class='ocrx_word' id='word_1_163' title='bbox 776 2371 903 2435; x_wconf 84' lang='lat' dir='ltr'>ridetur</span> <span class='ocrx_word' id='word_1_164' title='bbox 932 2365 1084 2452; x_wconf 83' lang='lat' dir='ltr'>ultimus)¹</span> <span class='ocrx_word' id='word_1_165' title='bbox 1104 2367 1143 2432; x_wconf 87' lang='lat' dir='ltr'>ad</span> <span class='ocrx_word' id='word_1_166' title='bbox 1167 2367 1356 2433; x_wconf 88' lang='lat' dir='ltr'>Marcellum</span> 
     </span>
     <span class='ocr_line' id='line_1_20' title="bbox 210 2474 1356 2558; baseline -0.002 -18"><span class='ocrx_word' id='word_1_167' title='bbox 210 2475 391 2540; x_wconf 86' lang='lat' dir='ltr'>destinatus</span> <span class='ocrx_word' id='word_1_168' title='bbox 414 2480 484 2540; x_wconf 87' lang='lat' dir='ltr'>orat</span> <span class='ocrx_word' id='word_1_169' title='bbox 507 2481 684 2540; x_wconf 85' lang='lat' dir='ltr'>metrorum</span> <span class='ocrx_word' id='word_1_170' title='bbox 704 2476 869 2541; x_wconf 90' lang='lat' dir='ltr'>doctrinae</span> <span class='ocrx_word' id='word_1_171' title='bbox 888 2474 1097 2558; x_wconf 83' lang='lat' dir='ltr'>enarrandae,</span> <span class='ocrx_word' id='word_1_172' title='bbox 1121 2477 1154 2539; x_wconf 88' lang='lat' dir='ltr'>et</span> <span class='ocrx_word' id='word_1_173' title='bbox 1172 2475 1268 2540; x_wconf 88' lang='lat' dir='ltr'>facile</span> <span class='ocrx_word' id='word_1_174' title='bbox 1286 2497 1356 2558; x_wconf 89' lang='lat' dir='ltr'>per-</span> 
     </span>
     <span class='ocr_line' id='line_1_21' title="bbox 211 2582 1357 2672; baseline -0.001 -26"><span class='ocrx_word' id='word_1_175' title='bbox 211 2583 347 2666; x_wconf 89' lang='lat' dir='ltr'>spicitur</span> <span class='ocrx_word' id='word_1_176' title='bbox 370 2605 436 2648; x_wconf 91' lang='lat' dir='ltr'>non</span> <span class='ocrx_word' id='word_1_177' title='bbox 459 2583 604 2667; x_wconf 89' lang='lat' dir='ltr'>potuisse</span> <span class='ocrx_word' id='word_1_178' title='bbox 627 2605 700 2648; x_wconf 91' lang='lat' dir='ltr'>eum</span> <span class='ocrx_word' id='word_1_179' title='bbox 724 2583 895 2648; x_wconf 89' lang='lat' dir='ltr'>notionum</span> <span class='ocrx_word' id='word_1_180' title='bbox 919 2582 1162 2672; x_wconf 81' lang='lat' dir='ltr'>definitionibus</span> <span class='ocrx_word' id='word_1_181' title='bbox 1181 2604 1300 2664; x_wconf 89' lang='lat' dir='ltr'>carcre,</span> <span class='ocrx_word' id='word_1_182' title='bbox 1324 2585 1357 2645; x_wconf 91' lang='lat' dir='ltr'>et</span> 
     </span>
     <span class='ocr_line' id='line_1_22' title="bbox 211 2688 1357 2774; baseline -0.003 -20"><span class='ocrx_word' id='word_1_183' title='bbox 211 2711 365 2774; x_wconf 85' lang='lat' dir='ltr'>magnam</span> <span class='ocrx_word' id='word_1_184' title='bbox 398 2689 543 2773; x_wconf 89' lang='lat' dir='ltr'>profecto</span> <span class='ocrx_word' id='word_1_185' title='bbox 577 2691 642 2755; x_wconf 83' lang='lat' dir='ltr'>vim</span> <span class='ocrx_word' id='word_1_186' title='bbox 674 2691 753 2754; x_wconf 92' lang='lat' dir='ltr'>illud</span> <span class='ocrx_word' id='word_1_187' title='bbox 783 2689 884 2754; x_wconf 90' lang='lat' dir='ltr'>habet</span> <span class='ocrx_word' id='word_1_188' title='bbox 916 2689 1002 2773; x_wconf 91' lang='lat' dir='ltr'>quod</span> <span class='ocrx_word' id='word_1_189' title='bbox 1034 2688 1119 2753; x_wconf 92' lang='lat' dir='ltr'>hunc</span> <span class='ocrx_word' id='word_1_190' title='bbox 1153 2688 1272 2752; x_wconf 89' lang='lat' dir='ltr'>librum</span> <span class='ocrx_word' id='word_1_191' title='bbox 1305 2691 1357 2750; x_wconf 92' lang='lat' dir='ltr'>tot</span> 
     </span>
     <span class='ocr_line' id='line_1_23' title="bbox 211 2793 1356 2880; baseline -0.005 -18"><span class='ocrx_word' id='word_1_192' title='bbox 211 2797 405 2862; x_wconf 75' lang='lat' dir='ltr'>testimoniis</span> <span class='ocrx_word' id='word_1_193' title='bbox 424 2797 583 2880; x_wconf 72' lang='lat' dir='ltr'>novimuS,</span> <span class='ocrx_word' id='word_1_194' title='bbox 607 2797 745 2862; x_wconf 90' lang='lat' dir='ltr'>alterum</span> <span class='ocrx_word' id='word_1_195' title='bbox 763 2797 923 2860; x_wconf 90' lang='lat' dir='ltr'>nescimus</span> <span class='ocrx_word' id='word_1_196' title='bbox 943 2795 1123 2860; x_wconf 85' lang='lat' dir='ltr'>amatricis</span> <span class='ocrx_word' id='word_1_197' title='bbox 1144 2793 1356 2876; x_wconf 83' lang='lat' dir='ltr'>scriptoribus</span> 
     </span>
     <span class='ocr_line' id='line_1_24' title="bbox 212 2899 1357 2986; baseline -0.003 -20"><span class='ocrx_word' id='word_1_198' title='bbox 212 2908 399 2986; x_wconf 87' lang='lat' dir='ltr'>usurpatum</span> <span class='ocrx_word' id='word_1_199' title='bbox 431 2903 587 2968; x_wconf 84' lang='lat' dir='ltr'>Diomede</span> <span class='ocrx_word' id='word_1_200' title='bbox 620 2907 653 2968; x_wconf 90' lang='lat' dir='ltr'>et</span> <span class='ocrx_word' id='word_1_201' title='bbox 680 2903 812 2968; x_wconf 85' lang='lat' dir='ltr'>Rufino:</span> <span class='ocrx_word' id='word_1_202' title='bbox 845 2924 921 2967; x_wconf 88' lang='lat' dir='ltr'>nam</span> <span class='ocrx_word' id='word_1_203' title='bbox 952 2900 1110 2965; x_wconf 88' lang='lat' dir='ltr'>Victorini</span> <span class='ocrx_word' id='word_1_204' title='bbox 1140 2921 1217 2963; x_wconf 88' lang='lat' dir='ltr'>sane</span> <span class='ocrx_word' id='word_1_205' title='bbox 1248 2899 1357 2981; x_wconf 87' lang='lat' dir='ltr'>paullo</span> 
     </span>
     <span class='ocr_line' id='line_1_25' title="bbox 213 3009 1356 3094; baseline -0.005 -20"><span class='ocrx_word' id='word_1_206' title='bbox 213 3009 277 3074; x_wconf 89' lang='lat' dir='ltr'>alia</span> <span class='ocrx_word' id='word_1_207' title='bbox 300 3010 456 3092; x_wconf 90' lang='lat' dir='ltr'>condicio,</span> <span class='ocrx_word' id='word_1_208' title='bbox 479 3010 518 3074; x_wconf 84' lang='lat' dir='ltr'>cf.</span> <span class='ocrx_word' id='word_1_209' title='bbox 538 3013 558 3090; x_wconf 67' lang='grc' dir='ltr'>ξ</span> <span class='ocrx_word' id='word_1_210' title='bbox 577 3011 607 3094; x_wconf 86' lang='grc'>3,</span> <span class='ocrx_word' id='word_1_211' title='bbox 626 3012 655 3075; x_wconf 80' lang='grc'>2.</span> <span class='ocrx_word' id='word_1_212' title='bbox 702 3010 881 3094; x_wconf 88' lang='lat' dir='ltr'>Postremo,</span> <span class='ocrx_word' id='word_1_213' title='bbox 904 3009 1059 3093; x_wconf 89' lang='lat' dir='ltr'>quoniam</span> <span class='ocrx_word' id='word_1_214' title='bbox 1082 3028 1156 3072; x_wconf 89' lang='lat' dir='ltr'>cum</span> <span class='ocrx_word' id='word_1_215' title='bbox 1179 3009 1356 3070; x_wconf 87' lang='lat' dir='ltr'>metrorum</span> 
     </span>
     <span class='ocr_line' id='line_1_26' title="bbox 212 3111 1357 3202; baseline -0.003 -22"><span class='ocrx_word' id='word_1_216' title='bbox 212 3115 383 3200; x_wconf 89' lang='lat' dir='ltr'>disciplina</span> <span class='ocrx_word' id='word_1_217' title='bbox 410 3119 548 3202; x_wconf 82' lang='lat' dir='ltr'>cognata</span> <span class='ocrx_word' id='word_1_218' title='bbox 571 3121 621 3182; x_wconf 90' lang='lat' dir='ltr'>est</span> <span class='ocrx_word' id='word_1_219' title='bbox 643 3117 682 3182; x_wconf 89' lang='lat' dir='ltr'>de</span> <span class='ocrx_word' id='word_1_220' title='bbox 706 3117 897 3200; x_wconf 79' lang='lat' dir='ltr'>npoupticic</span> <span class='ocrx_word' id='word_1_221' title='bbox 921 3115 1081 3198; x_wconf 89' lang='lat' dir='ltr'>doctrina,</span> <span class='ocrx_word' id='word_1_222' title='bbox 1110 3115 1250 3178; x_wconf 86' lang='lat' dir='ltr'>fortasse</span> <span class='ocrx_word' id='word_1_223' title='bbox 1273 3111 1357 3176; x_wconf 88' lang='lat' dir='ltr'>hano</span> 
     </span>
     <span class='ocr_line' id='line_1_27' title="bbox 213 3217 1358 3308; baseline -0.004 -22"><span class='ocrx_word' id='word_1_224' title='bbox 213 3245 340 3308; x_wconf 87' lang='lat' dir='ltr'>quoque</span> <span class='ocrx_word' id='word_1_225' title='bbox 364 3225 396 3287; x_wconf 91' lang='lat' dir='ltr'>in</span> <span class='ocrx_word' id='word_1_226' title='bbox 421 3224 486 3287; x_wconf 90' lang='lat' dir='ltr'>illis</span> <span class='ocrx_word' id='word_1_227' title='bbox 511 3224 552 3288; x_wconf 92' lang='lat' dir='ltr'>ad</span> <span class='ocrx_word' id='word_1_228' title='bbox 574 3223 765 3289; x_wconf 89' lang='lat' dir='ltr'>Marcellum</span> <span class='ocrx_word' id='word_1_229' title='bbox 788 3223 881 3288; x_wconf 89' lang='lat' dir='ltr'>libris</span> <span class='ocrx_word' id='word_1_230' title='bbox 900 3221 1006 3288; x_wconf 90' lang='lat' dir='ltr'>Varro</span> <span class='ocrx_word' id='word_1_231' title='bbox 1031 3221 1151 3304; x_wconf 82' lang='lat' dir='ltr'>attigit,</span> <span class='ocrx_word' id='word_1_232' title='bbox 1174 3219 1300 3304; x_wconf 86' lang='lat' dir='ltr'>quando</span> <span class='ocrx_word' id='word_1_233' title='bbox 1324 3217 1358 3282; x_wconf 90' lang='lat' dir='ltr'>id</span> 
     </span>
     <span class='ocr_line' id='line_1_28' title="bbox 213 3325 1357 3410; baseline -0.003 -18"><span class='ocrx_word' id='word_1_234' title='bbox 213 3328 246 3392; x_wconf 92' lang='lat' dir='ltr'>in</span> <span class='ocrx_word' id='word_1_235' title='bbox 273 3329 365 3394; x_wconf 91' lang='lat' dir='ltr'>libris</span> <span class='ocrx_word' id='word_1_236' title='bbox 389 3329 429 3393; x_wconf 84' lang='lat' dir='ltr'>ad</span> <span class='ocrx_word' id='word_1_237' title='bbox 454 3328 642 3397; x_wconf 83' lang='lat' dir='ltr'>Ciceronem</span> <span class='ocrx_word' id='word_1_238' title='bbox 666 3331 786 3396; x_wconf 86' lang='lat' dir='ltr'>factum</span> <span class='ocrx_word' id='word_1_239' title='bbox 811 3352 881 3394; x_wconf 78' lang='lat' dir='ltr'>esse</span> <span class='ocrx_word' id='word_1_240' title='bbox 904 3351 944 3394; x_wconf 91' lang='lat' dir='ltr'>ne</span> <span class='ocrx_word' id='word_1_241' title='bbox 968 3327 1133 3393; x_wconf 88' lang='lat' dir='ltr'>levissimo</span> <span class='ocrx_word' id='word_1_242' title='bbox 1157 3325 1285 3410; x_wconf 92' lang='lat' dir='ltr'>quidem</span> <span class='ocrx_word' id='word_1_243' title='bbox 1310 3325 1357 3388; x_wconf 90' lang='lat' dir='ltr'>iu·</span> 
     </span>
     <span class='ocr_line' id='line_1_29' title="bbox 212 3431 1358 3520; baseline -0.004 -20"><span class='ocrx_word' id='word_1_244' title='bbox 212 3435 295 3501; x_wconf 86' lang='lat' dir='ltr'>dicio</span> <span class='ocrx_word' id='word_1_245' title='bbox 326 3436 499 3520; x_wconf 82' lang='lat' dir='ltr'>colligitur.</span> <span class='ocrx_word' id='word_1_246' title='bbox 546 3437 637 3513; x_wconf 79' lang='lat' dir='ltr'>Quod</span> <span class='ocrx_word' id='word_1_247' title='bbox 668 3439 696 3501; x_wconf 89' lang='lat' dir='ltr'>si</span> <span class='ocrx_word' id='word_1_248' title='bbox 723 3438 770 3500; x_wconf 89' lang='lat' dir='ltr'>ita</span> <span class='ocrx_word' id='word_1_249' title='bbox 797 3459 830 3501; x_wconf 89' lang='lat' dir='ltr'>se</span> <span class='ocrx_word' id='word_1_250' title='bbox 858 3435 988 3518; x_wconf 89' lang='lat' dir='ltr'>habuit,</span> <span class='ocrx_word' id='word_1_251' title='bbox 1018 3455 1083 3497; x_wconf 90' lang='lat' dir='ltr'>nou</span> <span class='ocrx_word' id='word_1_252' title='bbox 1111 3433 1271 3496; x_wconf 89' lang='lat' dir='ltr'>immerito</span> <span class='ocrx_word' id='word_1_253' title='bbox 1295 3431 1358 3496; x_wconf 93' lang='lat' dir='ltr'>huc</span> 
     </span>
     <span class='ocr_line' id='line_1_30' title="bbox 212 3539 1360 3625; baseline -0.001 -21"><span class='ocrx_word' id='word_1_254' title='bbox 212 3543 375 3608; x_wconf 85' lang='lat' dir='ltr'>rettuleris</span> <span class='ocrx_word' id='word_1_255' title='bbox 405 3539 503 3606; x_wconf 87' lang='lat' dir='ltr'>Gellii</span> <span class='ocrx_word' id='word_1_256' title='bbox 526 3541 656 3625; x_wconf 88' lang='lat' dir='ltr'>XVIII,</span> <span class='ocrx_word' id='word_1_257' title='bbox 682 3542 856 3605; x_wconf 73' lang='lat' dir='ltr'>laverna:</span> <span class='ocrx_word' id='word_1_258' title='bbox 895 3541 994 3605; x_wconf 79' lang='lat' dir='ltr'>Varro</span> <span class='ocrx_word' id='word_1_259' title='bbox 1025 3541 1061 3604; x_wconf 76' lang='lat' dir='ltr'>in</span> <span class='ocrx_word' id='word_1_260' title='bbox 1092 3539 1181 3604; x_wconf 66' lang='lat' dir='ltr'>libate</span> <span class='ocrx_word' id='word_1_261' title='bbox 1211 3560 1286 3621; x_wconf 81' lang='lat' dir='ltr'>qnos</span> <span class='ocrx_word' id='word_1_262' title='bbox 1316 3541 1360 3603; x_wconf 84' lang='lat' dir='ltr'>acl</span> 
     </span>
     <span class='ocr_line' id='line_1_31' title="bbox 212 3647 1357 3732; baseline -0.003 -20"><span class='ocrx_word' id='word_1_263' title='bbox 212 3649 398 3716; x_wconf 79' lang='lat' dir='ltr'>Marcellum</span> <span class='ocrx_word' id='word_1_264' title='bbox 426 3651 462 3714; x_wconf 82' lang='lat' dir='ltr'>de</span> <span class='ocrx_word' id='word_1_265' title='bbox 489 3649 597 3732; x_wconf 67' lang='lat' dir='ltr'>linqua</span> <span class='ocrx_word' id='word_1_266' title='bbox 625 3649 725 3714; x_wconf 78' lang='lat' dir='ltr'>lutino</span> <span class='ocrx_word' id='word_1_267' title='bbox 750 3647 838 3728; x_wconf 74' lang='lat' dir='ltr'>facil:</span> <span class='ocrx_word' id='word_1_268' title='bbox 866 3648 901 3710; x_wconf 83' lang='lat' dir='ltr'>in</span> <span class='ocrx_word' id='word_1_269' title='bbox 923 3648 1031 3727; x_wconf 83' lang='lat' dir='ltr'>priore</span> <span class='ocrx_word' id='word_1_270' title='bbox 1052 3647 1139 3710; x_wconf 82' lang='lat' dir='ltr'>verto</span> <span class='ocrx_word' id='word_1_271' title='bbox 1159 3666 1267 3728; x_wconf 63' lang='lat' dir='ltr'>moves</span> <span class='ocrx_word' id='word_1_272' title='bbox 1284 3665 1357 3726; x_wconf 78' lang='lat' dir='ltr'>pro·</span> 
     </span>
     <span class='ocr_line' id='line_1_32' title="bbox 213 3754 1048 3838; baseline -0.002 -21"><span class='ocrx_word' id='word_1_273' title='bbox 213 3757 325 3836; x_wconf 77' lang='lat' dir='ltr'>codice,</span> <span class='ocrx_word' id='word_1_274' title='bbox 348 3758 582 3838; x_wconf 72' lang='lat' dir='ltr'>precesserunt,</span> <span class='ocrx_word' id='word_1_275' title='bbox 605 3759 739 3838; x_wconf 72' lang='lat' dir='ltr'>masat,</span> <span class='ocrx_word' id='word_1_276' title='bbox 762 3754 896 3835; x_wconf 61' lang='lat' dir='ltr'>retronea</span> <span class='ocrx_word' id='word_1_277' title='bbox 918 3757 1048 3816; x_wconf 80' lang='lat' dir='ltr'>mutant.</span> 
     </span>
    </p>
   </div>
   <div class='ocr_carea' id='block_1_3' title="bbox 739 3951 836 4033">
    <p class='ocr_par' dir='ltr' id='par_1_3' title="bbox 739 3951 836 4033">
     <span class='ocr_line' id='line_1_33' title="bbox 739 3951 836 4033; baseline 0 -18"><span class='ocrx_word' id='word_1_278' title='bbox 739 3953 759 4033; x_wconf 67' lang='lat' dir='ltr'>a</span> <span class='ocrx_word' id='word_1_279' title='bbox 785 3951 836 4015; x_wconf 72' lang='grc' dir='ltr'>ιτ.</span> 
     </span>
    </p>
   </div>
   <div class='ocr_carea' id='block_1_4' title="bbox 213 4069 1358 4476">
    <p class='ocr_par' dir='ltr' id='par_1_4' title="bbox 213 4069 1358 4476">
     <span class='ocr_line' id='line_1_34' title="bbox 302 4069 1357 4160; baseline -0.002 -27"><span class='ocrx_word' id='word_1_280' title='bbox 302 4069 544 4138; x_wconf 83' lang='lat' dir='ltr'>Transeundum</span> <span class='ocrx_word' id='word_1_281' title='bbox 575 4079 626 4139; x_wconf 85' lang='lat' dir='ltr'>est</span> <span class='ocrx_word' id='word_1_282' title='bbox 655 4075 696 4139; x_wconf 92' lang='lat' dir='ltr'>ad</span> <span class='ocrx_word' id='word_1_283' title='bbox 727 4074 996 4160; x_wconf 84' lang='lat' dir='ltr'>geometriam,</span> <span class='ocrx_word' id='word_1_284' title='bbox 1026 4072 1065 4138; x_wconf 88' lang='lat' dir='ltr'>de</span> <span class='ocrx_word' id='word_1_285' title='bbox 1095 4095 1158 4156; x_wconf 88' lang='lat' dir='ltr'>qua</span> <span class='ocrx_word' id='word_1_286' title='bbox 1181 4070 1263 4135; x_wconf 88' lang='lat' dir='ltr'>scitu</span> <span class='ocrx_word' id='word_1_287' title='bbox 1288 4090 1357 4152; x_wconf 88' lang='lat' dir='ltr'>per-</span> 
     </span>
     <span class='ocr_line' id='line_1_35' title="bbox 213 4177 1357 4264; baseline -0.002 -22"><span class='ocrx_word' id='word_1_288' title='bbox 213 4177 314 4264; x_wconf 78' lang='lat' dir='ltr'>digna</span> <span class='ocrx_word' id='word_1_289' title='bbox 341 4177 498 4262; x_wconf 88' lang='lat' dir='ltr'>quaedam</span> <span class='ocrx_word' id='word_1_290' title='bbox 527 4183 659 4243; x_wconf 87' lang='lat' dir='ltr'>restant.</span> <span class='ocrx_word' id='word_1_291' title='bbox 705 4178 787 4244; x_wconf 78' lang='lat' dir='ltr'>Eam</span> <span class='ocrx_word' id='word_1_292' title='bbox 816 4180 1019 4264; x_wconf 87' lang='lat' dir='ltr'>disciplinam</span> <span class='ocrx_word' id='word_1_293' title='bbox 1045 4179 1182 4243; x_wconf 82' lang='lat' dir='ltr'>divisam</span> <span class='ocrx_word' id='word_1_294' title='bbox 1205 4198 1275 4240; x_wconf 88' lang='lat' dir='ltr'>esse</span> <span class='ocrx_word' id='word_1_295' title='bbox 1299 4177 1357 4240; x_wconf 88' lang='grc' dir='ltr'>ὀπ-</span> 
     </span>
     <span class='ocr_line' id='line_1_36' title="bbox 213 4284 1357 4370; baseline -0.003 -20"><span class='ocrx_word' id='word_1_296' title='bbox 213 4291 281 4370; x_wconf 84' lang='grc' dir='ltr'>τικῄ</span> <span class='ocrx_word' id='word_1_297' title='bbox 311 4289 344 4350; x_wconf 91' lang='lat' dir='ltr'>et</span> <span class='ocrx_word' id='word_1_298' title='bbox 367 4291 515 4369; x_wconf 84' lang='grc' dir='ltr'>κανονικῇ</span> <span class='ocrx_word' id='word_1_299' title='bbox 540 4284 841 4368; x_wconf 62' lang='lat' dir='ltr'>supendimus</span> <span class='ocrx_word' id='word_1_300' title='bbox 868 4287 921 4368; x_wconf 87' lang='lat'>13,</span> <span class='ocrx_word' id='word_1_301' title='bbox 949 4285 1004 4348; x_wconf 91' lang='lat' dir='ltr'>ubi</span> <span class='ocrx_word' id='word_1_302' title='bbox 1028 4305 1109 4368; x_wconf 87' lang='lat' dir='ltr'>quas</span> <span class='ocrx_word' id='word_1_303' title='bbox 1132 4286 1240 4365; x_wconf 89' lang='lat' dir='ltr'>partes</span> <span class='ocrx_word' id='word_1_304' title='bbox 1264 4303 1357 4347; x_wconf 88' lang='grc' dir='ltr'>κανο-</span> 
     </span>
     <span class='ocr_line' id='line_1_37' title="bbox 215 4387 1358 4476; baseline -0.002 -20"><span class='ocrx_word' id='word_1_305' title='bbox 215 4395 283 4472; x_wconf 82' lang='grc' dir='ltr'>νικὴ</span> <span class='ocrx_word' id='word_1_306' title='bbox 307 4393 470 4476; x_wconf 87' lang='lat' dir='ltr'>habuen&#39;t,</span> <span class='ocrx_word' id='word_1_307' title='bbox 498 4414 536 4456; x_wconf 87' lang='lat' dir='ltr'>ex</span> <span class='ocrx_word' id='word_1_308' title='bbox 560 4391 670 4456; x_wconf 90' lang='lat' dir='ltr'>allatis</span> <span class='ocrx_word' id='word_1_309' title='bbox 694 4390 834 4456; x_wconf 85' lang='lat' dir='ltr'>Gelliani</span> <span class='ocrx_word' id='word_1_310' title='bbox 860 4393 974 4476; x_wconf 85' lang='lat' dir='ltr'>cepitis</span> <span class='ocrx_word' id='word_1_311' title='bbox 999 4388 1090 4470; x_wconf 89' lang='lat' dir='ltr'>XVI,</span> <span class='ocrx_word' id='word_1_312' title='bbox 1118 4389 1155 4452; x_wconf 85' lang='lat'>18</span> <span class='ocrx_word' id='word_1_313' title='bbox 1180 4387 1286 4452; x_wconf 86' lang='lat' dir='ltr'>verbis</span> <span class='ocrx_word' id='word_1_314' title='bbox 1310 4391 1358 4454; x_wconf 89' lang='lat' dir='ltr'>iu·</span> 
     </span>
    </p>
   </div>
   <div class='ocr_carea' id='block_1_5' title="bbox 215 4495 1358 4658">
    <p class='ocr_par' dir='ltr' id='par_1_5' title="bbox 215 4495 1358 4658">
     <span class='ocr_line' id='line_1_38' title="bbox 215 4495 1358 4583; baseline 0 -21"><span class='ocrx_word' id='word_1_315' title='bbox 215 4499 380 4564; x_wconf 87' lang='lat' dir='ltr'>tellectum</span> <span class='ocrx_word' id='word_1_316' title='bbox 410 4503 469 4564; x_wconf 88' lang='lat' dir='ltr'>est.</span> <span class='ocrx_word' id='word_1_317' title='bbox 515 4497 693 4582; x_wconf 86' lang='lat' dir='ltr'>Opticem</span> <span class='ocrx_word' id='word_1_318' title='bbox 722 4503 843 4583; x_wconf 89' lang='lat' dir='ltr'>autem,</span> <span class='ocrx_word' id='word_1_319' title='bbox 872 4519 936 4582; x_wconf 87' lang='lat' dir='ltr'>qua</span> <span class='ocrx_word' id='word_1_320' title='bbox 963 4499 1052 4560; x_wconf 88' lang='lat' dir='ltr'>locus</span> <span class='ocrx_word' id='word_1_321' title='bbox 1082 4495 1137 4560; x_wconf 89' lang='lat' dir='ltr'>ille</span> <span class='ocrx_word' id='word_1_322' title='bbox 1161 4496 1358 4581; x_wconf 83' lang='lat' dir='ltr'>geometriae</span> 
     </span>
     <span class='ocr_line' id='line_1_39' title="bbox 270 4605 1144 4658; baseline -0.002 -3"><span class='ocrx_word' id='word_1_323' title='bbox 270 4621 310 4658; x_wconf 80' lang='lat' dir='ltr'>sa.</span> <span class='ocrx_word' id='word_1_324' title='bbox 326 4623 474 4658; x_wconf 82' lang='lat' dir='ltr'>arrscamn</span> <span class='ocrx_word' id='word_1_325' title='bbox 490 4622 622 4658; x_wconf 71' lang='lat' dir='ltr'>orsaorsa</span> <span class='ocrx_word' id='word_1_326' title='bbox 641 4623 683 4658; x_wconf 82' lang='lat' dir='ltr'>nr.</span> <span class='ocrx_word' id='word_1_327' title='bbox 1111 4605 1144 4654; x_wconf 76' lang='lat'>25</span> 
     </span>
    </p>
   </div>
   <div class='ocr_carea' id='block_1_6' title="bbox 0 0 1662 5106">
    <p class='ocr_par' dir='ltr' id='par_1_6' title="bbox 0 0 1662 5106">
     <span class='ocr_line' id='line_1_40' title="bbox 0 0 1662 5106; baseline 0 0"><span class='ocrx_word' id='word_1_328' title='bbox 0 0 1662 5106; x_wconf 95' lang='lat' dir='ltr'> </span> 
     </span>
    </p>
   </div>
  </div>
 </body>
</html>
