3258 5102
416 333 697 382 nnsnnarronvn
721 332 1020 382 oauvnnmsssvn
1045 334 1156 382 sams.
1290 317 1355 382 597

214 474 334 552 Quodsi
362 476 435 561 quis
462 477 544 542 illud
576 477 685 561 ipsum
713 478 859 559 expetat,
892 480 928 541 ut
955 498 1020 542 non
1048 475 1211 560 ‘quando'
1240 477 1359 562 potius,

213 605 310 668 quam
343 582 398 650 ‘ex
430 581 510 669 quo'
544 583 664 649 amoris
697 582 845 648 miserias
877 583 970 669 virgo
1004 606 1101 667 passa
1134 583 1191 668 sit,
1224 583 1359 667 dicatur,

213 711 314 775 eoque
341 697 375 757 et
400 691 541 756 miricis
570 689 699 755 tactibus
727 693 760 754 et
786 690 890 774 atte'pit
920 690 1010 754 verbi
1038 690 1205 756 notionem
1230 691 1359 756 flectere
1387 711 1390 716 ·

212 797 378 882 instituat,
410 797 532 881 poterit
563 795 596 860 id
624 795 681 859 ille
714 796 844 879 quidem
875 795 962 860 haud
995 796 1121 862 difficili
1150 797 1283 882 negotio
1312 797 1359 862 sic

213 903 367 988 consequi
399 906 436 968 ut
473 903 511 967 de
545 903 656 987 elapsa
688 903 729 967 ab
767 901 861 966 initio
895 901 1010 967 vocula
1042 903 1177 988 cogitet:
1217 903 1360 970 Illaec

212 1015 396 1092 tempestate,
418 1031 511 1092 quom
530 1034 586 1074 —:
610 1013 645 1073 at
667 1012 704 1074 ut
727 1009 796 1074 eius
820 1013 929 1074 tamen
948 1009 1087 1076 rationis
1110 1011 1202 1074 nulla
1224 1033 1358 1094 prorsus

89 1169 93 1184 .
213 1117 257 1181 sit
275 1117 461 1182 necessitas.
493 1116 626 1181 Etenim
646 1139 665 1180 a
682 1115 803 1180 misera
822 1116 969 1181 desertae
984 1116 1149 1183 Ariadnae
1169 1117 1357 1182 condicione

212 1223 423 1290 describenda
459 1245 592 1289 exorsus
634 1226 732 1306 poeta
767 1245 853 1287 nunc
889 1223 1049 1308 primum,
1090 1246 1186 1308 quam
1227 1225 1359 1290 tandem

202 1321 360 1396 =caussam
389 1353 427 1396 ea
455 1329 627 1395 calamitas
656 1330 762 1395 omnis
791 1330 957 1412 habuerit,
985 1330 1177 1414 simpliciter
1206 1335 1238 1395 et
1265 1351 1359 1416 gene·

211 1439 310 1503 ratim
333 1438 380 1503 sic
403 1437 581 1522 significat:
605 1436 741 1522 ‘quippe
764 1437 796 1500 id
821 1441 891 1502 tum
914 1437 987 1521 suit,
1010 1459 1082 1503 cum
1102 1437 1223 1503 nobilis
1242 1438 1300 1502 illa
1324 1439 1380 1504 in¹
1460 1523 1463 1530 ,

212 1543 343 1610 Cretam
366 1546 506 1610 insulam
529 1545 672 1610 accessio
696 1544 783 1610 facta
802 1547 852 1608 cst
875 1544 954 1609 duce
973 1543 1124 1609 Theseo’.
1157 1543 1249 1628 Quid,
1272 1545 1358 1629 quod

211 1675 251 1716 ne
276 1652 356 1716 satis
380 1651 548 1715 commode
572 1650 716 1736 quidem,
743 1672 783 1715 ex
806 1672 869 1735 quo
897 1653 1045 1734 tempore
1067 1651 1101 1715 in
1126 1652 1244 1717 amoris
1272 1651 1358 1716 furo·

212 1780 279 1822 rem
308 1758 400 1843 virgo
428 1757 607 1842 incidisset,
636 1757 702 1821 iam
730 1756 792 1822 hoc
820 1757 893 1822 loco
920 1757 1093 1821 diceretur:
1121 1757 1155 1823 id
1178 1759 1263 1824 enim
1287 1759 1357 1844 ipso

210 1867 309 1950 poeta
330 1863 442 1948 paullo
466 1865 540 1947 post
563 1862 692 1927 demum
716 1864 888 1947 exequitur
910 1863 984 1928 inde
1007 1886 1027 1929 a
1051 1887 1079 1928 v.
1098 1865 1155 1930 85:
1187 1865 1289 1948 Atque
1311 1868 1358 1932 ea

210 1993 288 2036 noce
310 1971 368 2036 leci
390 1971 491 2036 nitens
512 1990 550 2035 oc
572 1969 689 2034 lenibus
711 1971 799 2034 ureris
819 1971 1062 2054 Mopnonimam-
1079 1973 1123 2036 ad
1141 1973 1254 2038 Minoo
1276 1974 1358 2038 venit

209 2079 348 2162 sedesque
365 2076 519 2159 saperdas.
550 2077 647 2142 Hono
664 2077 759 2141 simut
776 2097 813 2141 oc
830 2078 938 2160 cupido
956 2079 1112 2159 conspexit
1134 2078 1250 2144 tamine
1271 2080 1356 2161 sirpo

209 2186 309 2270 Repr'o
314 2233 454 2265 ......
484 2184 564 2250 Non'
575 2185 668 2266 prisc
690 2204 727 2248 ec
749 2183 803 2248 illo
829 2183 1002 2267 {depacto
1023 2183 1187 2247 declinavit
1207 2183 1356 2263 henim,

209 2315 304 2377 quom
330 2297 436 2358 cuncto
467 2293 599 2374 corwepit
625 2311 747 2372 corpore
772 2289 948 2374 stammam,
979 2289 1140 2354 Faustitas
1166 2293 1256 2370 atque
1283 2289 1356 2354 imis

210 2401 326 2466 exarat
357 2403 421 2462 tota
452 2396 600 2460 medullis.
636 2394 775 2478 Parique
807 2416 940 2478 prorsus
972 2395 1099 2460 ratione
1132 2418 1151 2460 a
1182 2395 1288 2480 primo
1320 2396 1355 2460 in

209 2505 351 2570 insulam
379 2503 518 2568 adventu
550 2503 692 2587 primum
725 2487 759 2565 iu
790 2501 881 2587 regia
912 2504 1080 2585 aspectum
1111 2502 1184 2586 ipss
1210 2501 1409 2574 Ariadnam

210 2611 413 2677 discriminat
443 2631 470 2674 v.
501 2610 563 2674 172
588 2631 670 2694 sqq.:
711 2609 834 2674 utinam
864 2629 903 2674 ae
937 2614 1066 2692 tempore
1096 2611 1202 2691 moto
1234 2609 1360 2676 Gnosio'

210 2717 371 2799 coccam
402 2717 566 2800 tetipisseat
597 2715 691 2780 litora
715 2735 852 2797 puppes,
884 2713 1041 2780 Indomita
1067 2735 1121 2780 nec
1151 2715 1224 2780 dira
1253 2715 1355 2797 sereres

209 2825 363 2908 stipendio
395 2829 484 2888 tauro
515 2823 659 2905 Perfidus
689 2823 725 2886 in
756 2819 879 2887 Oretum
910 2821 1067 2903 reliposset
1095 2823 1204 2886 nerito
1230 2823 1354 2902 ferrem:

210 2932 275 2998 Nec
296 2931 399 2997 motas
421 2930 478 3014 tic,
501 2929 603 2995 celans
624 2928 708 2993 dulci
730 2927 867 2992 crudelia
887 2925 992 3007 formo
1015 2925 1162 3005 Ommlr'ez,
1184 2929 1219 2992 in
1241 2930 1355 2995 nostm's

208 3039 369 3121 requiesset
399 3035 519 3102 sedites
554 3034 668 3118 hospes.
712 3032 813 3098 Vides
845 3032 963 3098 sadduc
994 3031 1132 3114 superbis
1164 3033 1284 3100 Minois
1319 3035 1354 3102 iu

208 3147 316 3231 priore
345 3145 417 3210 loco
446 3143 639 3227 respondere
667 3141 701 3205 in
717 3140 790 3230 'hoc
813 3143 935 3205 nostras
956 3141 1051 3205 sedes:
1079 3161 1191 3224 parem
1218 3145 1256 3206 ut
1279 3163 1352 3206 con·

209 3253 402 3318 cinnitatem
430 3253 682 3346 consentaneum
710 3269 788 3312 sane
817 3245 964 3310 videatur
995 3245 1081 3310 inter
1108 3245 1229 3312 Gnosio
1260 3248 1354 3313 litora

208 3357 405 3424 intercedere
429 3361 462 3420 et
484 3357 594 3420 iniusti
617 3357 696 3438 repis
714 3354 885 3437 Gortynios
907 3375 974 3418 non
997 3351 1101 3436 sedes,
1124 3354 1180 3418 ssd
1202 3355 1352 3440 regiones

208 3465 240 3528 h.
264 3487 289 3529 e.
312 3485 379 3528 non
403 3467 491 3540 tecto,
520 3461 574 3526 sed
599 3461 724 3542 ternpla,
752 3459 785 3524 id
814 3459 900 3544 quod
924 3464 958 3524 et
984 3459 1020 3524 in
1046 3460 1239 3544 quibusdam
1265 3461 1352 3526 haud

210 3571 315 3636 malac
346 3572 444 3635 notae
477 3567 569 3632 libris
599 3589 676 3632 mss.
707 3571 872 3651 repertum
906 3569 971 3649 est,
1003 3569 1036 3630 et
1068 3587 1106 3630 ex
1138 3572 1234 3645 matu,
1267 3567 1353 3652 quod

209 3675 425 3742 Santonianus
450 3697 523 3740 cum
546 3673 675 3740 Datano
697 3673 923 3758 prodiderunt,
950 3671 1096 3756 profecto
1120 3695 1187 3738 nou
1208 3674 1247 3738 fit
1268 3673 1352 3738 diffi-

208 3784 302 3848 cilius
335 3804 432 3867 quam
469 3781 543 3846 inde
575 3782 616 3846 ab
650 3781 791 3846 editione
827 3779 973 3865 principe
1009 3779 1186 3864 propagari
1218 3781 1351 3846 solitum

209 3897 293 3957 teoto.
334 3888 381 3954 Vt
407 3909 448 3952 ne
476 3910 555 3972 opus
584 3889 715 3974 quidem
743 3887 786 3952 sit
817 3889 1075 3972 permutatorum
1102 3887 1188 3951 inter
1214 3908 1249 3950 se
1277 3891 1352 3953 tecta

209 4001 242 4062 st
264 3997 377 4079 tempta
399 3995 568 4060 nominum
592 3995 761 4080 exemplis,
784 3994 894 4080 qualia
917 3993 1126 4079 suppeditant
1143 3992 1350 4058 Burmannus

208 4106 243 4169 in
265 4103 354 4168 Post.
378 4101 435 4165 lat.
459 4099 535 4164 min.
558 4101 621 4166 vol.
639 4099 673 4166 II
696 4123 726 4186 p.
749 4100 810 4167 189
830 4123 890 4186 sq„
914 4100 1147 4166 Wakefieldius
1171 4101 1206 4165 iu
1223 4099 1350 4166 Lucret

206 4211 249 4296 II,
273 4210 324 4276 28.
353 4207 397 4274 Et
415 4207 584 4272 tutabatur
606 4207 640 4272 in
664 4229 723 4274 suo
741 4207 826 4273 libro
845 4211 1007 4292 repertam
1027 4207 1139 4290 ternpto
1157 4205 1350 4290 scripturam

206 4315 365 4402 Iosephus
392 4313 538 4398 Scaliger
565 4315 627 4379 hac
654 4314 876 4379 adnotatione:
908 4312 1016 4390 ‘Quod
1043 4313 1201 4392 ἀρχαϊκῶς
1229 4314 1350 4380 dictum

209 4425 249 4490 ab
282 4423 349 4489 illo.
390 4443 467 4488 nam
499 4421 610 4488 omnia
640 4420 713 4486 loca
744 4419 868 4508 templa
899 4419 1061 4488 vocabant
1093 4421 1226 4486 veteres.
1267 4418 1349 4492 Vide
