<?xml version="1.0" encoding="UTF-8"?>
<!DOCTYPE html PUBLIC "-//W3C//DTD XHTML 1.0 Transitional//EN"
    "http://www.w3.org/TR/xhtml1/DTD/xhtml1-transitional.dtd">
<html xmlns="http://www.w3.org/1999/xhtml" xml:lang="en" lang="en">
 <head>
  <title>
</title>
<meta http-equiv="Content-Type" content="text/html;charset=utf-8" />
  <meta name='ocr-system' content='tesseract 3.04.00' />
  <meta name='ocr-capabilities' content='ocr_page ocr_carea ocr_par ocr_line ocrx_word'/>
</head>
<body>
  <div class='ocr_page' id='page_1' title='image "./fridericiritsch09wachgoog_0225.png"; bbox 0 0 3274 5114; ppageno 0'>
   <div class='ocr_carea' id='block_1_1' title="bbox 271 313 1056 380">
    <p class='ocr_par' dir='ltr' id='par_1_1' title="bbox 271 313 1056 380">
     <span class='ocr_line' id='line_1_1' title="bbox 271 313 1056 380; baseline 0.001 -1"><span class='ocrx_word' id='word_1_1' title='bbox 271 313 338 380; x_wconf 87' lang='grc'>200</span> <span class='ocrx_word' id='word_1_2' title='bbox 630 330 846 378; x_wconf 76' lang='lat' dir='ltr'>emersura</span> <span class='ocrx_word' id='word_1_3' title='bbox 869 330 1056 380; x_wconf 70' lang='lat' dir='ltr'>ansverus.</span> 
     </span>
    </p>
   </div>
   <div class='ocr_carea' id='block_1_2' title="bbox 218 471 1424 3017">
    <p class='ocr_par' dir='ltr' id='par_1_2' title="bbox 218 471 1424 3017">
     <span class='ocr_line' id='line_1_2' title="bbox 272 471 1414 562; baseline 0.001 -22"><span class='ocrx_word' id='word_1_4' title='bbox 272 477 339 540; x_wconf 87' lang='lat' dir='ltr'>stat</span> <span class='ocrx_word' id='word_1_5' title='bbox 362 474 404 538; x_wconf 95' lang='lat' dir='ltr'>ab</span> <span class='ocrx_word' id='word_1_6' title='bbox 428 495 513 540; x_wconf 89' lang='lat' dir='ltr'>anno</span> <span class='ocrx_word' id='word_1_7' title='bbox 532 474 597 542; x_wconf 83' lang='lat'>539</span> <span class='ocrx_word' id='word_1_8' title='bbox 621 473 661 540; x_wconf 88' lang='lat' dir='ltr'>ad</span> <span class='ocrx_word' id='word_1_9' title='bbox 681 471 746 540; x_wconf 84' lang='lat'>559</span> <span class='ocrx_word' id='word_1_10' title='bbox 766 473 904 539; x_wconf 90' lang='lat' dir='ltr'>vetitum</span> <span class='ocrx_word' id='word_1_11' title='bbox 922 473 1032 559; x_wconf 89' lang='lat' dir='ltr'>fuisse,</span> <span class='ocrx_word' id='word_1_12' title='bbox 1054 473 1106 540; x_wconf 77' lang='lat' dir='ltr'>‘ne</span> <span class='ocrx_word' id='word_1_13' title='bbox 1125 496 1190 559; x_wconf 89' lang='lat' dir='ltr'>qua</span> <span class='ocrx_word' id='word_1_14' title='bbox 1207 475 1324 541; x_wconf 89' lang='lat' dir='ltr'>mulier</span> <span class='ocrx_word' id='word_1_15' title='bbox 1341 475 1414 562; x_wconf 92' lang='lat' dir='ltr'>plus</span> 
     </span>
     <span class='ocr_line' id='line_1_3' title="bbox 273 581 1414 650; baseline 0.004 -4"><span class='ocrx_word' id='word_1_16' title='bbox 273 581 471 648; x_wconf 78' lang='lat' dir='ltr'><strong>semunciam</strong></span> <span class='ocrx_word' id='word_1_17' title='bbox 500 582 571 648; x_wconf 88' lang='lat' dir='ltr'>auri</span> <span class='ocrx_word' id='word_1_18' title='bbox 593 581 729 646; x_wconf 88' lang='lat' dir='ltr'>haberet</span> <span class='ocrx_word' id='word_1_19' title='bbox 750 603 809 646; x_wconf 89' lang='lat' dir='ltr'>nec</span> <span class='ocrx_word' id='word_1_20' title='bbox 832 581 1027 648; x_wconf 82' lang='lat' dir='ltr'>vestimento</span> <span class='ocrx_word' id='word_1_21' title='bbox 1051 582 1238 650; x_wconf 82' lang='lat' dir='ltr'>versicolori</span> <span class='ocrx_word' id='word_1_22' title='bbox 1261 583 1414 650; x_wconf 88' lang='lat' dir='ltr'>uteretur’</span> 
     </span>
     <span class='ocr_line' id='line_1_4' title="bbox 271 687 1414 774; baseline 0.002 -20"><span class='ocrx_word' id='word_1_23' title='bbox 271 691 356 754; x_wconf 86' lang='lat' dir='ltr'>teste</span> <span class='ocrx_word' id='word_1_24' title='bbox 384 687 477 754; x_wconf 83' lang='lat' dir='ltr'>Livio</span> <span class='ocrx_word' id='word_1_25' title='bbox 505 687 646 754; x_wconf 88' lang='lat' dir='ltr'>XXXIV</span> <span class='ocrx_word' id='word_1_26' title='bbox 677 709 746 772; x_wconf 90' lang='lat' dir='ltr'>cap.</span> <span class='ocrx_word' id='word_1_27' title='bbox 777 689 793 752; x_wconf 88' lang='lat'>1</span> <span class='ocrx_word' id='word_1_28' title='bbox 825 688 979 774; x_wconf 84' lang='lat' dir='ltr'>iuxtaque</span> <span class='ocrx_word' id='word_1_29' title='bbox 1009 710 1085 754; x_wconf 91' lang='lat' dir='ltr'>eum</span> <span class='ocrx_word' id='word_1_30' title='bbox 1111 687 1244 756; x_wconf 89' lang='lat' dir='ltr'>Valerio</span> <span class='ocrx_word' id='word_1_31' title='bbox 1272 689 1414 756; x_wconf 85' lang='lat' dir='ltr'>Maximo</span> 
     </span>
     <span class='ocr_line' id='line_1_5' title="bbox 273 794 1415 881; baseline 0.001 -19"><span class='ocrx_word' id='word_1_32' title='bbox 273 798 307 862; x_wconf 92' lang='lat' dir='ltr'>et</span> <span class='ocrx_word' id='word_1_33' title='bbox 334 795 458 862; x_wconf 84' lang='lat' dir='ltr'>Oresio.</span> <span class='ocrx_word' id='word_1_34' title='bbox 488 833 532 842; x_wconf 90' lang='lat'><em>-</em></span> <span class='ocrx_word' id='word_1_35' title='bbox 559 794 682 861; x_wconf 90' lang='lat' dir='ltr'>Verum</span> <span class='ocrx_word' id='word_1_36' title='bbox 714 794 801 860; x_wconf 91' lang='lat' dir='ltr'>enim</span> <span class='ocrx_word' id='word_1_37' title='bbox 833 815 909 861; x_wconf 81' lang='lat' dir='ltr'>vero</span> <span class='ocrx_word' id='word_1_38' title='bbox 941 795 1018 880; x_wconf 94' lang='lat' dir='ltr'>quid</span> <span class='ocrx_word' id='word_1_39' title='bbox 1046 799 1096 861; x_wconf 92' lang='lat' dir='ltr'>est</span> <span class='ocrx_word' id='word_1_40' title='bbox 1123 797 1270 881; x_wconf 90' lang='lat' dir='ltr'>omnino,</span> <span class='ocrx_word' id='word_1_41' title='bbox 1303 798 1415 863; x_wconf 89' lang='lat' dir='ltr'>curin</span> 
     </span>
     <span class='ocr_line' id='line_1_6' title="bbox 272 901 1415 988; baseline 0 -19"><span class='ocrx_word' id='word_1_42' title='bbox 272 903 495 969; x_wconf 87' lang='lat' dir='ltr'>Romanorum</span> <span class='ocrx_word' id='word_1_43' title='bbox 518 901 662 968; x_wconf 89' lang='lat' dir='ltr'>moribus</span> <span class='ocrx_word' id='word_1_44' title='bbox 686 901 855 986; x_wconf 78' lang='lat' dir='ltr'><strong>legibusve</strong></span> <span class='ocrx_word' id='word_1_45' title='bbox 878 923 1050 988; x_wconf 85' lang='lat' dir='ltr'>moremur,</span> <span class='ocrx_word' id='word_1_46' title='bbox 1071 925 1145 971; x_wconf 93' lang='lat' dir='ltr'>cum</span> <span class='ocrx_word' id='word_1_47' title='bbox 1168 903 1202 969; x_wconf 92' lang='lat' dir='ltr'>in</span> <span class='ocrx_word' id='word_1_48' title='bbox 1219 903 1332 970; x_wconf 85' lang='lat' dir='ltr'>fabula</span> <span class='ocrx_word' id='word_1_49' title='bbox 1347 905 1415 988; x_wconf 88' lang='lat' dir='ltr'>pal-</span> 
     </span>
     <span class='ocr_line' id='line_1_7' title="bbox 273 1009 1417 1094; baseline 0 -18"><span class='ocrx_word' id='word_1_50' title='bbox 273 1011 355 1076; x_wconf 84' lang='lat' dir='ltr'>liata</span> <span class='ocrx_word' id='word_1_51' title='bbox 382 1031 547 1075; x_wconf 75' lang='lat' dir='ltr'>versemur</span> <span class='ocrx_word' id='word_1_52' title='bbox 575 1030 694 1094; x_wconf 88' lang='lat' dir='ltr'>graeca</span> <span class='ocrx_word' id='word_1_53' title='bbox 715 1009 866 1075; x_wconf 89' lang='lat' dir='ltr'>instituta</span> <span class='ocrx_word' id='word_1_54' title='bbox 888 1011 1176 1094; x_wconf 74' lang='lat' dir='ltr'>repraesentante?</span> <span class='ocrx_word' id='word_1_55' title='bbox 1217 1011 1257 1075; x_wconf 91' lang='lat' dir='ltr'>In</span> <span class='ocrx_word' id='word_1_56' title='bbox 1280 1011 1417 1077; x_wconf 85' lang='lat' dir='ltr'>Graecia</span> 
     </span>
     <span class='ocr_line' id='line_1_8' title="bbox 273 1116 1416 1202; baseline -0.003 -17"><span class='ocrx_word' id='word_1_57' title='bbox 273 1122 383 1185; x_wconf 87' lang='lat' dir='ltr'>autem</span> <span class='ocrx_word' id='word_1_58' title='bbox 406 1116 549 1200; x_wconf 79' lang='lat' dir='ltr'><strong>Asiaque</strong></span> <span class='ocrx_word' id='word_1_59' title='bbox 576 1116 700 1182; x_wconf 90' lang='lat' dir='ltr'>minore</span> <span class='ocrx_word' id='word_1_60' title='bbox 728 1117 978 1202; x_wconf 86' lang='lat' dir='ltr'>margaritarum</span> <span class='ocrx_word' id='word_1_61' title='bbox 1005 1139 1101 1183; x_wconf 89' lang='lat' dir='ltr'>usum</span> <span class='ocrx_word' id='word_1_62' title='bbox 1127 1121 1257 1184; x_wconf 90' lang='lat' dir='ltr'>constat</span> <span class='ocrx_word' id='word_1_63' title='bbox 1278 1117 1351 1182; x_wconf 89' lang='lat' dir='ltr'>inde</span> <span class='ocrx_word' id='word_1_64' title='bbox 1374 1117 1416 1182; x_wconf 86' lang='lat' dir='ltr'>ab</span> 
     </span>
     <span class='ocr_line' id='line_1_9' title="bbox 272 1222 1415 1310; baseline -0.002 -20"><span class='ocrx_word' id='word_1_65' title='bbox 272 1222 450 1290; x_wconf 82' lang='lat' dir='ltr'>Alexandri</span> <span class='ocrx_word' id='word_1_66' title='bbox 477 1222 679 1307; x_wconf 76' lang='lat' dir='ltr'>expeditione</span> <span class='ocrx_word' id='word_1_67' title='bbox 702 1222 815 1288; x_wconf 84' lang='lat' dir='ltr'>Indica</span> <span class='ocrx_word' id='word_1_68' title='bbox 841 1223 946 1309; x_wconf 87' lang='lat' dir='ltr'>magis</span> <span class='ocrx_word' id='word_1_69' title='bbox 970 1225 1139 1310; x_wconf 78' lang='lat' dir='ltr'>magisque</span> <span class='ocrx_word' id='word_1_70' title='bbox 1162 1224 1415 1310; x_wconf 74' lang='lat' dir='ltr'>percrebruisset</span> 
     </span>
     <span class='ocr_line' id='line_1_10' title="bbox 273 1329 1415 1414; baseline 0 -18"><span class='ocrx_word' id='word_1_71' title='bbox 273 1331 363 1396; x_wconf 93' lang='lat' dir='ltr'>cuius</span> <span class='ocrx_word' id='word_1_72' title='bbox 387 1329 436 1396; x_wconf 91' lang='lat' dir='ltr'>rei</span> <span class='ocrx_word' id='word_1_73' title='bbox 463 1330 655 1396; x_wconf 91' lang='lat' dir='ltr'>documenta</span> <span class='ocrx_word' id='word_1_74' title='bbox 681 1332 829 1414; x_wconf 87' lang='lat' dir='ltr'>praestat</span> <span class='ocrx_word' id='word_1_75' title='bbox 851 1329 985 1394; x_wconf 84' lang='lat' dir='ltr'>Lasseni</span> <span class='ocrx_word' id='word_1_76' title='bbox 1009 1329 1173 1398; x_wconf 80' lang='lat' dir='ltr'>‘Indische</span> <span class='ocrx_word' id='word_1_77' title='bbox 1196 1330 1415 1397; x_wconf 82' lang='lat' dir='ltr'>Alterthums-</span> 
     </span>
     <span class='ocr_line' id='line_1_11' title="bbox 272 1433 1417 1524; baseline 0.001 -22"><span class='ocrx_word' id='word_1_78' title='bbox 272 1435 390 1502; x_wconf 86' lang='lat' dir='ltr'>kunde&#39;</span> <span class='ocrx_word' id='word_1_79' title='bbox 404 1440 428 1502; x_wconf 94' lang='lat' dir='ltr'>t.</span> <span class='ocrx_word' id='word_1_80' title='bbox 447 1435 464 1501; x_wconf 96' lang='grc' dir='ltr'>Ι</span> <span class='ocrx_word' id='word_1_81' title='bbox 482 1459 513 1521; x_wconf 95' lang='lat' dir='ltr'>p.</span> <span class='ocrx_word' id='word_1_82' title='bbox 528 1436 593 1500; x_wconf 87' lang='grc'>649</span> <span class='ocrx_word' id='word_1_83' title='bbox 613 1435 685 1501; x_wconf 88' lang='lat' dir='ltr'>adn.</span> <span class='ocrx_word' id='word_1_84' title='bbox 700 1437 721 1500; x_wconf 81' lang='lat'><strong><em>2</em></strong></span> <span class='ocrx_word' id='word_1_85' title='bbox 740 1433 785 1520; x_wconf 83' lang='lat' dir='ltr'>(p.</span> <span class='ocrx_word' id='word_1_86' title='bbox 801 1435 864 1501; x_wconf 74' lang='lat'>797</span> <span class='ocrx_word' id='word_1_87' title='bbox 880 1458 927 1521; x_wconf 83' lang='lat' dir='ltr'>sq.</span> <span class='ocrx_word' id='word_1_88' title='bbox 946 1435 994 1501; x_wconf 91' lang='lat' dir='ltr'>ed.</span> <span class='ocrx_word' id='word_1_89' title='bbox 1014 1437 1092 1524; x_wconf 83' lang='lat' dir='ltr'>alt).</span> <span class='ocrx_word' id='word_1_90' title='bbox 1126 1437 1159 1503; x_wconf 91' lang='lat'>11</span> <span class='ocrx_word' id='word_1_91' title='bbox 1174 1463 1205 1524; x_wconf 91' lang='lat' dir='ltr'>p.</span> <span class='ocrx_word' id='word_1_92' title='bbox 1220 1439 1286 1504; x_wconf 88' lang='grc'>680</span> <span class='ocrx_word' id='word_1_93' title='bbox 1300 1438 1371 1503; x_wconf 89' lang='lat' dir='ltr'>adn.</span> <span class='ocrx_word' id='word_1_94' title='bbox 1390 1439 1417 1503; x_wconf 92' lang='lat'>1.</span> 
     </span>
     <span class='ocr_line' id='line_1_12' title="bbox 272 1537 1418 1629; baseline 0.002 -21"><span class='ocrx_word' id='word_1_95' title='bbox 272 1543 322 1608; x_wconf 92' lang='lat' dir='ltr'>Ill</span> <span class='ocrx_word' id='word_1_96' title='bbox 345 1566 376 1628; x_wconf 92' lang='lat' dir='ltr'>p.</span> <span class='ocrx_word' id='word_1_97' title='bbox 399 1543 438 1608; x_wconf 88' lang='lat'>19</span> <span class='ocrx_word' id='word_1_98' title='bbox 458 1565 506 1628; x_wconf 88' lang='lat' dir='ltr'>sq.</span> <span class='ocrx_word' id='word_1_99' title='bbox 524 1541 590 1606; x_wconf 84' lang='lat'>305</span> <span class='ocrx_word' id='word_1_100' title='bbox 610 1537 711 1628; x_wconf 79' lang='lat' dir='ltr'>sq.¹⁴).</span> <span class='ocrx_word' id='word_1_101' title='bbox 754 1541 837 1618; x_wconf 87' lang='lat' dir='ltr'>Quid</span> <span class='ocrx_word' id='word_1_102' title='bbox 856 1541 957 1628; x_wconf 90' lang='lat' dir='ltr'>igitur</span> <span class='ocrx_word' id='word_1_103' title='bbox 975 1542 1120 1629; x_wconf 89' lang='lat' dir='ltr'>impedit,</span> <span class='ocrx_word' id='word_1_104' title='bbox 1143 1545 1313 1629; x_wconf 91' lang='lat' dir='ltr'>quominus</span> <span class='ocrx_word' id='word_1_105' title='bbox 1333 1565 1418 1610; x_wconf 79' lang='lat' dir='ltr'>mar-</span> 
     </span>
     <span class='ocr_line' id='line_1_13' title="bbox 272 1647 1420 1738; baseline 0 -20"><span class='ocrx_word' id='word_1_106' title='bbox 272 1652 397 1738; x_wconf 84' lang='lat' dir='ltr'>garitae</span> <span class='ocrx_word' id='word_1_107' title='bbox 425 1650 477 1716; x_wconf 86' lang='lat' dir='ltr'>vel</span> <span class='ocrx_word' id='word_1_108' title='bbox 502 1647 754 1734; x_wconf 74' lang='lat' dir='ltr'>margaritarum</span> <span class='ocrx_word' id='word_1_109' title='bbox 778 1648 813 1713; x_wconf 90' lang='lat' dir='ltr'>in</span> <span class='ocrx_word' id='word_1_110' title='bbox 836 1670 940 1714; x_wconf 83' lang='lat' dir='ltr'>norae</span> <span class='ocrx_word' id='word_1_111' title='bbox 963 1651 1148 1716; x_wconf 87' lang='lat' dir='ltr'>comoediae</span> <span class='ocrx_word' id='word_1_112' title='bbox 1172 1653 1280 1738; x_wconf 87' lang='lat' dir='ltr'>aliqua</span> <span class='ocrx_word' id='word_1_113' title='bbox 1306 1651 1420 1718; x_wconf 85' lang='lat' dir='ltr'>fabula</span> 
     </span>
     <span class='ocr_line' id='line_1_14' title="bbox 271 1755 1419 1840; baseline -0.001 -14"><span class='ocrx_word' id='word_1_114' title='bbox 271 1759 395 1826; x_wconf 90' lang='lat' dir='ltr'>mentio</span> <span class='ocrx_word' id='word_1_115' title='bbox 413 1758 515 1840; x_wconf 88' lang='lat' dir='ltr'>fieret,</span> <span class='ocrx_word' id='word_1_116' title='bbox 538 1759 571 1820; x_wconf 90' lang='lat' dir='ltr'>et</span> <span class='ocrx_word' id='word_1_117' title='bbox 589 1755 637 1820; x_wconf 87' lang='lat' dir='ltr'>ita</span> <span class='ocrx_word' id='word_1_118' title='bbox 656 1755 785 1840; x_wconf 90' lang='lat' dir='ltr'>quidem</span> <span class='ocrx_word' id='word_1_119' title='bbox 803 1755 896 1820; x_wconf 89' lang='lat' dir='ltr'>fieret</span> <span class='ocrx_word' id='word_1_120' title='bbox 914 1758 951 1820; x_wconf 92' lang='lat' dir='ltr'>ut</span> <span class='ocrx_word' id='word_1_121' title='bbox 969 1757 1043 1822; x_wconf 88' lang='lat' dir='ltr'>inde</span> <span class='ocrx_word' id='word_1_122' title='bbox 1063 1781 1138 1823; x_wconf 88' lang='lat' dir='ltr'>suae</span> <span class='ocrx_word' id='word_1_123' title='bbox 1157 1760 1288 1825; x_wconf 87' lang='lat' dir='ltr'>fabulae</span> <span class='ocrx_word' id='word_1_124' title='bbox 1301 1779 1419 1825; x_wconf 90' lang='lat' dir='ltr'>nomen</span> 
     </span>
     <span class='ocr_line' id='line_1_15' title="bbox 271 1863 1418 1950; baseline 0.001 -20"><span class='ocrx_word' id='word_1_125' title='bbox 271 1866 403 1950; x_wconf 85' lang='lat' dir='ltr'>latinus,</span> <span class='ocrx_word' id='word_1_126' title='bbox 426 1866 481 1950; x_wconf 89' lang='lat' dir='ltr'>qui</span> <span class='ocrx_word' id='word_1_127' title='bbox 503 1865 596 1930; x_wconf 89' lang='lat' dir='ltr'>illam</span> <span class='ocrx_word' id='word_1_128' title='bbox 618 1865 769 1946; x_wconf 82' lang='lat' dir='ltr'>verteret,</span> <span class='ocrx_word' id='word_1_129' title='bbox 791 1865 889 1946; x_wconf 90' lang='lat' dir='ltr'>poeta</span> <span class='ocrx_word' id='word_1_130' title='bbox 912 1863 1077 1948; x_wconf 86' lang='lat' dir='ltr'>imponere</span> <span class='ocrx_word' id='word_1_131' title='bbox 1100 1867 1234 1949; x_wconf 80' lang='lat' dir='ltr'>posset?</span> <span class='ocrx_word' id='word_1_132' title='bbox 1265 1863 1365 1931; x_wconf 90' lang='lat' dir='ltr'>Velut</span> <span class='ocrx_word' id='word_1_133' title='bbox 1384 1867 1418 1932; x_wconf 91' lang='lat' dir='ltr'>in</span> 
     </span>
     <span class='ocr_line' id='line_1_16' title="bbox 218 1969 1417 2059; baseline 0 -21"><span class='ocrx_word' id='word_1_134' title='bbox 218 2035 222 2044; x_wconf 84' lang='grc'>,</span> <span class='ocrx_word' id='word_1_135' title='bbox 271 1975 424 2059; x_wconf 89' lang='lat' dir='ltr'>promptu</span> <span class='ocrx_word' id='word_1_136' title='bbox 443 1972 494 2036; x_wconf 87' lang='lat' dir='ltr'>est</span> <span class='ocrx_word' id='word_1_137' title='bbox 512 1969 551 2036; x_wconf 88' lang='lat' dir='ltr'>de</span> <span class='ocrx_word' id='word_1_138' title='bbox 571 1969 767 2035; x_wconf 86' lang='lat' dir='ltr'>creberrima</span> <span class='ocrx_word' id='word_1_139' title='bbox 784 1969 842 2034; x_wconf 89' lang='lat' dir='ltr'>illa</span> <span class='ocrx_word' id='word_1_140' title='bbox 859 1970 894 2034; x_wconf 91' lang='lat' dir='ltr'>in</span> <span class='ocrx_word' id='word_1_141' title='bbox 912 1973 1057 2036; x_wconf 85' lang='lat' dir='ltr'>veterum</span> <span class='ocrx_word' id='word_1_142' title='bbox 1070 1972 1190 2038; x_wconf 87' lang='lat' dir='ltr'>fabulis</span> <span class='ocrx_word' id='word_1_143' title='bbox 1208 1972 1417 2053; x_wconf 78' lang='grc' dir='ltr'>ἀναγνωριιει</span> 
     </span>
     <span class='ocr_line' id='line_1_17' title="bbox 272 2074 1420 2164; baseline 0.002 -20"><span class='ocrx_word' id='word_1_144' title='bbox 272 2081 405 2163; x_wconf 87' lang='lat' dir='ltr'>eiusque</span> <span class='ocrx_word' id='word_1_145' title='bbox 420 2076 556 2157; x_wconf 79' lang='grc' dir='ltr'>ιημείοιι</span> <span class='ocrx_word' id='word_1_146' title='bbox 570 2075 723 2160; x_wconf 88' lang='lat' dir='ltr'>cogitare,</span> <span class='ocrx_word' id='word_1_147' title='bbox 737 2074 840 2160; x_wconf 87' lang='lat' dir='ltr'>quode</span> <span class='ocrx_word' id='word_1_148' title='bbox 854 2077 976 2142; x_wconf 91' lang='lat' dir='ltr'>multus</span> <span class='ocrx_word' id='word_1_149' title='bbox 990 2081 1040 2143; x_wconf 92' lang='grc' dir='ltr'>ιιι</span> <span class='ocrx_word' id='word_1_150' title='bbox 1049 2078 1241 2145; x_wconf 83' lang='lat' dir='ltr'>Aristoteles</span> <span class='ocrx_word' id='word_1_151' title='bbox 1250 2079 1341 2145; x_wconf 90' lang='lat' dir='ltr'>Poet.</span> <span class='ocrx_word' id='word_1_152' title='bbox 1350 2101 1420 2164; x_wconf 87' lang='lat' dir='ltr'>cap.</span> 
     </span>
     <span class='ocr_line' id='line_1_18' title="bbox 276 2181 1419 2269; baseline 0.001 -18"><span class='ocrx_word' id='word_1_153' title='bbox 276 2187 314 2251; x_wconf 94' lang='lat'>11</span> <span class='ocrx_word' id='word_1_154' title='bbox 335 2188 370 2250; x_wconf 91' lang='lat' dir='ltr'>et</span> <span class='ocrx_word' id='word_1_155' title='bbox 390 2185 444 2249; x_wconf 90' lang='lat'>16:</span> <span class='ocrx_word' id='word_1_156' title='bbox 467 2183 558 2248; x_wconf 90' lang='lat' dir='ltr'>cuius</span> <span class='ocrx_word' id='word_1_157' title='bbox 582 2181 712 2268; x_wconf 90' lang='lat' dir='ltr'>quidem</span> <span class='ocrx_word' id='word_1_158' title='bbox 736 2181 901 2248; x_wconf 87' lang='lat' dir='ltr'>luculenta</span> <span class='ocrx_word' id='word_1_159' title='bbox 919 2184 1069 2268; x_wconf 84' lang='lat' dir='ltr'>exempla</span> <span class='ocrx_word' id='word_1_160' title='bbox 1090 2185 1125 2250; x_wconf 92' lang='lat' dir='ltr'>in</span> <span class='ocrx_word' id='word_1_161' title='bbox 1148 2185 1221 2269; x_wconf 92' lang='lat' dir='ltr'>ipsa</span> <span class='ocrx_word' id='word_1_162' title='bbox 1243 2186 1347 2252; x_wconf 86' lang='lat' dir='ltr'>latina</span> <span class='ocrx_word' id='word_1_163' title='bbox 1369 2209 1419 2252; x_wconf 91' lang='lat' dir='ltr'>co·</span> 
     </span>
     <span class='ocr_line' id='line_1_19' title="bbox 273 2287 1421 2376; baseline 0 -18"><span class='ocrx_word' id='word_1_164' title='bbox 273 2292 400 2360; x_wconf 85' lang='lat' dir='ltr'>moedis</span> <span class='ocrx_word' id='word_1_165' title='bbox 413 2292 552 2357; x_wconf 84' lang='lat' dir='ltr'>exstant</span> <span class='ocrx_word' id='word_1_166' title='bbox 575 2287 719 2354; x_wconf 82' lang='lat' dir='ltr'>Anulum</span> <span class='ocrx_word' id='word_1_167' title='bbox 733 2288 835 2354; x_wconf 81' lang='lat' dir='ltr'>habes</span> <span class='ocrx_word' id='word_1_168' title='bbox 850 2289 1027 2374; x_wconf 82' lang='lat' dir='ltr'>agnitionis</span> <span class='ocrx_word' id='word_1_169' title='bbox 1042 2291 1179 2356; x_wconf 88' lang='lat' dir='ltr'>indicem</span> <span class='ocrx_word' id='word_1_170' title='bbox 1195 2295 1291 2376; x_wconf 82' lang='lat' dir='ltr'>atqne</span> <span class='ocrx_word' id='word_1_171' title='bbox 1302 2293 1421 2362; x_wconf 84' lang='lat' dir='ltr'>instm·</span> 
     </span>
     <span class='ocr_line' id='line_1_20' title="bbox 272 2395 1420 2484; baseline -0.003 -17"><span class='ocrx_word' id='word_1_172' title='bbox 272 2403 418 2467; x_wconf 88' lang='lat' dir='ltr'>mentum</span> <span class='ocrx_word' id='word_1_173' title='bbox 441 2397 475 2463; x_wconf 93' lang='lat' dir='ltr'>in</span> <span class='ocrx_word' id='word_1_174' title='bbox 497 2395 704 2480; x_wconf 81' lang='lat' dir='ltr'>Curculione,</span> <span class='ocrx_word' id='word_1_175' title='bbox 727 2395 761 2460; x_wconf 91' lang='lat' dir='ltr'>in</span> <span class='ocrx_word' id='word_1_176' title='bbox 785 2395 928 2480; x_wconf 69' lang='lat' dir='ltr'>Hecyra,</span> <span class='ocrx_word' id='word_1_177' title='bbox 957 2397 1117 2464; x_wconf 84' lang='lat' dir='ltr'>cistellam</span> <span class='ocrx_word' id='word_1_178' title='bbox 1140 2421 1214 2464; x_wconf 91' lang='lat' dir='ltr'>cum</span> <span class='ocrx_word' id='word_1_179' title='bbox 1236 2399 1420 2484; x_wconf 87' lang='lat' dir='ltr'>crepundiis</span> 
     </span>
     <span class='ocr_line' id='line_1_21' title="bbox 272 2502 1422 2590; baseline -0.003 -17"><span class='ocrx_word' id='word_1_180' title='bbox 272 2508 305 2572; x_wconf 92' lang='lat' dir='ltr'>in</span> <span class='ocrx_word' id='word_1_181' title='bbox 325 2502 525 2587; x_wconf 78' lang='lat' dir='ltr'>Cistellaria3</span> <span class='ocrx_word' id='word_1_182' title='bbox 548 2503 627 2568; x_wconf 89' lang='lat' dir='ltr'>item</span> <span class='ocrx_word' id='word_1_183' title='bbox 646 2502 681 2566; x_wconf 92' lang='lat' dir='ltr'>in</span> <span class='ocrx_word' id='word_1_184' title='bbox 699 2502 855 2588; x_wconf 80' lang='lat' dir='ltr'>Rudente,</span> <span class='ocrx_word' id='word_1_185' title='bbox 873 2502 929 2568; x_wconf 89' lang='lat' dir='ltr'>ubi</span> <span class='ocrx_word' id='word_1_186' title='bbox 948 2503 1060 2569; x_wconf 84' lang='lat' dir='ltr'>indes</span> <span class='ocrx_word' id='word_1_187' title='bbox 1079 2527 1108 2568; x_wconf 86' lang='lat' dir='ltr'>v.</span> <span class='ocrx_word' id='word_1_188' title='bbox 1126 2504 1210 2570; x_wconf 84' lang='lat'>1156</span> <span class='ocrx_word' id='word_1_189' title='bbox 1230 2505 1422 2590; x_wconf 88' lang='lat' dir='ltr'>singillatim</span> 
     </span>
     <span class='ocr_line' id='line_1_22' title="bbox 276 2609 1422 2695; baseline -0.002 -16"><span class='ocrx_word' id='word_1_190' title='bbox 276 2615 505 2678; x_wconf 86' lang='lat' dir='ltr'>enumerantur</span> <span class='ocrx_word' id='word_1_191' title='bbox 533 2609 713 2674; x_wconf 71' lang='lat' dir='ltr'>‘ensiculus</span> <span class='ocrx_word' id='word_1_192' title='bbox 741 2631 857 2676; x_wconf 90' lang='lat' dir='ltr'>aureus</span> <span class='ocrx_word' id='word_1_193' title='bbox 880 2610 1060 2695; x_wconf 87' lang='lat' dir='ltr'>litteratus,</span> <span class='ocrx_word' id='word_1_194' title='bbox 1088 2611 1219 2694; x_wconf 87' lang='lat' dir='ltr'>ancipes</span> <span class='ocrx_word' id='word_1_195' title='bbox 1244 2611 1422 2678; x_wconf 88' lang='lat' dir='ltr'>securicula</span> 
     </span>
     <span class='ocr_line' id='line_1_23' title="bbox 275 2716 1421 2803; baseline -0.003 -17"><span class='ocrx_word' id='word_1_196' title='bbox 275 2741 383 2803; x_wconf 86' lang='lat' dir='ltr'>aurea,</span> <span class='ocrx_word' id='word_1_197' title='bbox 405 2716 565 2783; x_wconf 86' lang='lat' dir='ltr'>sicilicula</span> <span class='ocrx_word' id='word_1_198' title='bbox 588 2716 790 2800; x_wconf 86' lang='lat' dir='ltr'>argenteola,</span> <span class='ocrx_word' id='word_1_199' title='bbox 813 2717 894 2781; x_wconf 87' lang='lat' dir='ltr'>duae</span> <span class='ocrx_word' id='word_1_200' title='bbox 918 2738 1058 2782; x_wconf 81' lang='lat' dir='ltr'>conexae</span> <span class='ocrx_word' id='word_1_201' title='bbox 1081 2717 1276 2802; x_wconf 86' lang='lat' dir='ltr'>maniculae,</span> <span class='ocrx_word' id='word_1_202' title='bbox 1300 2719 1421 2802; x_wconf 85' lang='lat' dir='ltr'>sucula,</span> 
     </span>
     <span class='ocr_line' id='line_1_24' title="bbox 274 2822 1424 2908; baseline -0.003 -14"><span class='ocrx_word' id='word_1_203' title='bbox 274 2827 366 2894; x_wconf 91' lang='lat' dir='ltr'>bulla</span> <span class='ocrx_word' id='word_1_204' title='bbox 388 2822 506 2890; x_wconf 85' lang='lat' dir='ltr'>aurea&#39;.</span> <span class='ocrx_word' id='word_1_205' title='bbox 551 2822 672 2907; x_wconf 79' lang='lat' dir='ltr'>Ecquis</span> <span class='ocrx_word' id='word_1_206' title='bbox 696 2823 797 2908; x_wconf 88' lang='lat' dir='ltr'>igitur</span> <span class='ocrx_word' id='word_1_207' title='bbox 819 2822 954 2908; x_wconf 86' lang='lat' dir='ltr'>negabit</span> <span class='ocrx_word' id='word_1_208' title='bbox 976 2823 1121 2908; x_wconf 86' lang='lat' dir='ltr'>potuisse</span> <span class='ocrx_word' id='word_1_209' title='bbox 1145 2825 1179 2889; x_wconf 90' lang='lat' dir='ltr'>in</span> <span class='ocrx_word' id='word_1_210' title='bbox 1203 2825 1302 2890; x_wconf 86' lang='lat' dir='ltr'>simili</span> <span class='ocrx_word' id='word_1_211' title='bbox 1326 2849 1424 2891; x_wconf 88' lang='lat' dir='ltr'>causa</span> 
     </span>
     <span class='ocr_line' id='line_1_25' title="bbox 277 2928 1421 3017; baseline -0.003 -18"><span class='ocrx_word' id='word_1_212' title='bbox 277 2933 376 2999; x_wconf 91' lang='lat' dir='ltr'>etiam</span> <span class='ocrx_word' id='word_1_213' title='bbox 408 2929 604 3014; x_wconf 85' lang='lat' dir='ltr'>margaritae</span> <span class='ocrx_word' id='word_1_214' title='bbox 633 2929 684 2992; x_wconf 85' lang='lat' dir='ltr'>vel</span> <span class='ocrx_word' id='word_1_215' title='bbox 712 2928 901 3014; x_wconf 84' lang='lat' dir='ltr'>margaritis</span> <span class='ocrx_word' id='word_1_216' title='bbox 923 2928 944 2992; x_wconf 92' lang='lat' dir='ltr'>i.</span> <span class='ocrx_word' id='word_1_217' title='bbox 968 2949 994 2993; x_wconf 90' lang='lat' dir='ltr'>e.</span> <span class='ocrx_word' id='word_1_218' title='bbox 1018 2928 1108 2994; x_wconf 80' lang='lat' dir='ltr'>basis</span> <span class='ocrx_word' id='word_1_219' title='bbox 1132 2931 1238 2997; x_wconf 88' lang='lat' dir='ltr'>locum</span> <span class='ocrx_word' id='word_1_220' title='bbox 1261 2954 1346 3017; x_wconf 88' lang='lat' dir='ltr'>esse,</span> <span class='ocrx_word' id='word_1_221' title='bbox 1373 2933 1421 2997; x_wconf 91' lang='lat' dir='ltr'>rei</span> 
     </span>
    </p>
   </div>
   <div class='ocr_carea' id='block_1_3' title="bbox 275 3101 1446 4490">
    <p class='ocr_par' dir='ltr' id='par_1_3' title="bbox 275 3101 1446 4490">
     <span class='ocr_line' id='line_1_26' title="bbox 348 3101 1420 3176; baseline 0 -16"><span class='ocrx_word' id='word_1_222' title='bbox 348 3108 392 3175; x_wconf 80' lang='grc'>11)</span> <span class='ocrx_word' id='word_1_223' title='bbox 411 3104 505 3160; x_wconf 90' lang='lat' dir='ltr'>Vnum</span> <span class='ocrx_word' id='word_1_224' title='bbox 530 3105 573 3159; x_wconf 88' lang='grc' dir='ltr'>ιιι</span> <span class='ocrx_word' id='word_1_225' title='bbox 597 3101 672 3172; x_wconf 89' lang='lat' dir='ltr'>quod</span> <span class='ocrx_word' id='word_1_226' title='bbox 697 3119 753 3158; x_wconf 93' lang='lat' dir='ltr'>non</span> <span class='ocrx_word' id='word_1_227' title='bbox 777 3102 868 3173; x_wconf 85' lang='lat' dir='ltr'>possit</span> <span class='ocrx_word' id='word_1_228' title='bbox 884 3103 1006 3159; x_wconf 85' lang='lat' dir='ltr'>Lasseno</span> <span class='ocrx_word' id='word_1_229' title='bbox 1030 3105 1157 3160; x_wconf 89' lang='lat' dir='ltr'>concedi:</span> <span class='ocrx_word' id='word_1_230' title='bbox 1186 3107 1263 3176; x_wconf 90' lang='lat' dir='ltr'>qnod</span> <span class='ocrx_word' id='word_1_231' title='bbox 1288 3107 1420 3161; x_wconf 89' lang='lat' dir='ltr'>‘unionis&#39;</span> 
     </span>
     <span class='ocr_line' id='line_1_27' title="bbox 275 3191 1421 3264; baseline 0.001 -14"><span class='ocrx_word' id='word_1_232' title='bbox 275 3211 376 3250; x_wconf 90' lang='lat' dir='ltr'>nomen</span> <span class='ocrx_word' id='word_1_233' title='bbox 401 3193 437 3247; x_wconf 88' lang='lat' dir='ltr'>ab</span> <span class='ocrx_word' id='word_1_234' title='bbox 462 3191 571 3248; x_wconf 84' lang='lat' dir='ltr'>unitate</span> <span class='ocrx_word' id='word_1_235' title='bbox 597 3193 615 3250; x_wconf 92' lang='lat' dir='ltr'>i.</span> <span class='ocrx_word' id='word_1_236' title='bbox 639 3209 663 3248; x_wconf 91' lang='lat' dir='ltr'>e.</span> <span class='ocrx_word' id='word_1_237' title='bbox 689 3192 892 3264; x_wconf 89' lang='lat' dir='ltr'>aequabilitate</span> <span class='ocrx_word' id='word_1_238' title='bbox 917 3193 1134 3264; x_wconf 86' lang='lat' dir='ltr'>margaritarum</span> <span class='ocrx_word' id='word_1_239' title='bbox 1153 3194 1262 3250; x_wconf 87' lang='lat' dir='ltr'>duxisse</span> <span class='ocrx_word' id='word_1_240' title='bbox 1281 3195 1421 3251; x_wconf 83' lang='lat' dir='ltr'>Romanos</span> 
     </span>
     <span class='ocr_line' id='line_1_28' title="bbox 276 3281 1423 3354; baseline -0.003 -13"><span class='ocrx_word' id='word_1_241' title='bbox 276 3283 330 3341; x_wconf 88' lang='lat' dir='ltr'>sibi</span> <span class='ocrx_word' id='word_1_242' title='bbox 354 3281 495 3354; x_wconf 73' lang='lat' dir='ltr'>persuasit</span> <span class='ocrx_word' id='word_1_243' title='bbox 518 3283 539 3338; x_wconf 93' lang='lat' dir='ltr'>t.</span> <span class='ocrx_word' id='word_1_244' title='bbox 564 3281 602 3336; x_wconf 90' lang='lat' dir='ltr'>III</span> <span class='ocrx_word' id='word_1_245' title='bbox 627 3299 654 3351; x_wconf 88' lang='lat' dir='ltr'>p.</span> <span class='ocrx_word' id='word_1_246' title='bbox 676 3285 709 3336; x_wconf 85' lang='lat' dir='ltr'>1e</span> <span class='ocrx_word' id='word_1_247' title='bbox 724 3299 765 3350; x_wconf 89' lang='lat' dir='ltr'>sq.</span> <span class='ocrx_word' id='word_1_248' title='bbox 801 3281 860 3336; x_wconf 89' lang='lat' dir='ltr'>Nec</span> <span class='ocrx_word' id='word_1_249' title='bbox 885 3281 960 3336; x_wconf 89' lang='lat' dir='ltr'>enim</span> <span class='ocrx_word' id='word_1_250' title='bbox 984 3281 1045 3352; x_wconf 89' lang='lat' dir='ltr'>ipso</span> <span class='ocrx_word' id='word_1_251' title='bbox 1068 3281 1160 3339; x_wconf 89' lang='lat' dir='ltr'>Plinio</span> <span class='ocrx_word' id='word_1_252' title='bbox 1184 3282 1254 3339; x_wconf 88' lang='lat' dir='ltr'>duce</span> <span class='ocrx_word' id='word_1_253' title='bbox 1278 3285 1339 3353; x_wconf 88' lang='lat' dir='ltr'>(IX,</span> <span class='ocrx_word' id='word_1_254' title='bbox 1359 3289 1423 3354; x_wconf 79' lang='lat'>123)</span> 
     </span>
     <span class='ocr_line' id='line_1_29' title="bbox 276 3369 1446 3450; baseline 0 -22"><span class='ocrx_word' id='word_1_255' title='bbox 276 3372 464 3428; x_wconf 87' lang='lat' dir='ltr'>dubitandum</span> <span class='ocrx_word' id='word_1_256' title='bbox 486 3373 541 3440; x_wconf 89' lang='lat' dir='ltr'>est,</span> <span class='ocrx_word' id='word_1_257' title='bbox 567 3369 636 3440; x_wconf 89' lang='lat' dir='ltr'>quin</span> <span class='ocrx_word' id='word_1_258' title='bbox 660 3369 827 3441; x_wconf 89' lang='lat' dir='ltr'>insigniores</span> <span class='ocrx_word' id='word_1_259' title='bbox 843 3372 956 3426; x_wconf 87' lang='lat' dir='ltr'>tantum</span> <span class='ocrx_word' id='word_1_260' title='bbox 974 3372 1169 3442; x_wconf 87' lang='lat' dir='ltr'>magnitudine</span> <span class='ocrx_word' id='word_1_261' title='bbox 1187 3389 1239 3428; x_wconf 83' lang='lat' dir='ltr'>sua</span> <span class='ocrx_word' id='word_1_262' title='bbox 1257 3372 1446 3450; x_wconf 38' lang='lat' dir='ltr'>margaritas·</span> 
     </span>
     <span class='ocr_line' id='line_1_30' title="bbox 276 3457 1423 3531; baseline 0.003 -16"><span class='ocrx_word' id='word_1_263' title='bbox 276 3463 308 3516; x_wconf 93' lang='lat' dir='ltr'>ut</span> <span class='ocrx_word' id='word_1_264' title='bbox 327 3459 467 3516; x_wconf 81' lang='lat' dir='ltr'>‘uniones’</span> <span class='ocrx_word' id='word_1_265' title='bbox 489 3458 672 3530; x_wconf 87' lang='lat' dir='ltr'>opposuerint</span> <span class='ocrx_word' id='word_1_266' title='bbox 688 3457 844 3514; x_wconf 83' lang='lat' dir='ltr'>minoribus</span> <span class='ocrx_word' id='word_1_267' title='bbox 859 3458 1069 3530; x_wconf 86' lang='lat' dir='ltr'>vilioribusque,</span> <span class='ocrx_word' id='word_1_268' title='bbox 1088 3459 1173 3516; x_wconf 89' lang='lat' dir='ltr'>simili</span> <span class='ocrx_word' id='word_1_269' title='bbox 1187 3477 1300 3531; x_wconf 89' lang='lat' dir='ltr'>prorsus</span> <span class='ocrx_word' id='word_1_270' title='bbox 1314 3461 1423 3518; x_wconf 88' lang='lat' dir='ltr'>ratione</span> 
     </span>
     <span class='ocr_line' id='line_1_31' title="bbox 276 3547 1423 3618; baseline 0.001 -14"><span class='ocrx_word' id='word_1_271' title='bbox 276 3553 362 3618; x_wconf 87' lang='lat' dir='ltr'>atque</span> <span class='ocrx_word' id='word_1_272' title='bbox 380 3566 452 3618; x_wconf 89' lang='lat' dir='ltr'>quae</span> <span class='ocrx_word' id='word_1_273' title='bbox 471 3547 501 3603; x_wconf 90' lang='lat' dir='ltr'>in</span> <span class='ocrx_word' id='word_1_274' title='bbox 518 3563 693 3618; x_wconf 82' lang='lat' dir='ltr'>gemmarum</span> <span class='ocrx_word' id='word_1_275' title='bbox 710 3563 812 3617; x_wconf 88' lang='lat' dir='ltr'>genere</span> <span class='ocrx_word' id='word_1_276' title='bbox 830 3547 859 3602; x_wconf 90' lang='lat' dir='ltr'>in</span> <span class='ocrx_word' id='word_1_277' title='bbox 873 3547 1038 3604; x_wconf 87' lang='lat' dir='ltr'>hodiernum</span> <span class='ocrx_word' id='word_1_278' title='bbox 1054 3549 1202 3604; x_wconf 80' lang='lat' dir='ltr'>‘solitaire’</span> <span class='ocrx_word' id='word_1_279' title='bbox 1218 3565 1320 3604; x_wconf 90' lang='lat' dir='ltr'>nomen</span> <span class='ocrx_word' id='word_1_280' title='bbox 1333 3549 1423 3605; x_wconf 82' lang='lat' dir='ltr'>cadit:</span> 
     </span>
     <span class='ocr_line' id='line_1_32' title="bbox 276 3633 1423 3707; baseline -0.001 -14"><span class='ocrx_word' id='word_1_281' title='bbox 276 3637 390 3706; x_wconf 90' lang='lat' dir='ltr'>eiusque</span> <span class='ocrx_word' id='word_1_282' title='bbox 409 3633 610 3707; x_wconf 87' lang='lat' dir='ltr'>appellationis</span> <span class='ocrx_word' id='word_1_283' title='bbox 628 3634 797 3705; x_wconf 85' lang='lat' dir='ltr'>planissimis</span> <span class='ocrx_word' id='word_1_284' title='bbox 811 3635 904 3690; x_wconf 87' lang='lat' dir='ltr'>verbis</span> <span class='ocrx_word' id='word_1_285' title='bbox 918 3636 989 3691; x_wconf 88' lang='lat' dir='ltr'>adeo</span> <span class='ocrx_word' id='word_1_286' title='bbox 1003 3653 1116 3691; x_wconf 83' lang='lat' dir='ltr'>eausam</span> <span class='ocrx_word' id='word_1_287' title='bbox 1130 3635 1205 3691; x_wconf 89' lang='lat' dir='ltr'>idem</span> <span class='ocrx_word' id='word_1_288' title='bbox 1220 3636 1326 3693; x_wconf 86' lang='lat' dir='ltr'>Plinius</span> <span class='ocrx_word' id='word_1_289' title='bbox 1341 3643 1357 3704; x_wconf 69' lang='grc'><strong>5</strong></span> <span class='ocrx_word' id='word_1_290' title='bbox 1373 3645 1423 3692; x_wconf 83' lang='lat'>112</span> 
     </span>
     <span class='ocr_line' id='line_1_33' title="bbox 277 3723 1425 3798; baseline -0.002 -16"><span class='ocrx_word' id='word_1_291' title='bbox 277 3725 407 3798; x_wconf 77' lang='lat' dir='ltr'>explicet.</span> <span class='ocrx_word' id='word_1_292' title='bbox 426 3756 462 3767; x_wconf 95' lang='lat'><em>-</em></span> <span class='ocrx_word' id='word_1_293' title='bbox 480 3725 611 3781; x_wconf 83' lang='lat' dir='ltr'>Oetsmm</span> <span class='ocrx_word' id='word_1_294' title='bbox 630 3723 793 3779; x_wconf 76' lang='lat' dir='ltr'>Theodorus</span> <span class='ocrx_word' id='word_1_295' title='bbox 812 3723 986 3795; x_wconf 87' lang='lat' dir='ltr'>Hesslingius</span> <span class='ocrx_word' id='word_1_296' title='bbox 1004 3723 1034 3779; x_wconf 88' lang='lat' dir='ltr'>in</span> <span class='ocrx_word' id='word_1_297' title='bbox 1052 3723 1138 3793; x_wconf 89' lang='lat' dir='ltr'>libro,</span> <span class='ocrx_word' id='word_1_298' title='bbox 1162 3741 1246 3793; x_wconf 89' lang='lat' dir='ltr'>quem</span> <span class='ocrx_word' id='word_1_299' title='bbox 1266 3725 1329 3781; x_wconf 82' lang='lat' dir='ltr'>‘Die</span> <span class='ocrx_word' id='word_1_300' title='bbox 1348 3725 1425 3782; x_wconf 89' lang='lat' dir='ltr'>Perl-</span> 
     </span>
     <span class='ocr_line' id='line_1_34' title="bbox 277 3811 1424 3885; baseline -0.001 -14"><span class='ocrx_word' id='word_1_301' title='bbox 277 3815 422 3872; x_wconf 88' lang='lat' dir='ltr'>muscheln</span> <span class='ocrx_word' id='word_1_302' title='bbox 446 3813 503 3868; x_wconf 85' lang='lat' dir='ltr'>und</span> <span class='ocrx_word' id='word_1_303' title='bbox 527 3813 587 3868; x_wconf 83' lang='lat' dir='ltr'>ihre</span> <span class='ocrx_word' id='word_1_304' title='bbox 606 3812 717 3868; x_wconf 90' lang='lat' dir='ltr'>Perlen&#39;</span> <span class='ocrx_word' id='word_1_305' title='bbox 737 3811 904 3883; x_wconf 87' lang='lat' dir='ltr'>inscriptum</span> <span class='ocrx_word' id='word_1_306' title='bbox 922 3812 1033 3884; x_wconf 87' lang='lat' dir='ltr'>Lipsiae</span> <span class='ocrx_word' id='word_1_307' title='bbox 1052 3812 1142 3868; x_wconf 90' lang='lat' dir='ltr'>edidit</span> <span class='ocrx_word' id='word_1_308' title='bbox 1160 3831 1233 3870; x_wconf 85' lang='lat' dir='ltr'>anno</span> <span class='ocrx_word' id='word_1_309' title='bbox 1253 3819 1336 3885; x_wconf 79' lang='lat' dir='ltr'>lese,</span> <span class='ocrx_word' id='word_1_310' title='bbox 1360 3833 1424 3870; x_wconf 90' lang='lat' dir='ltr'>cnm</span> 
     </span>
     <span class='ocr_line' id='line_1_35' title="bbox 276 3901 1423 3975; baseline 0 -16"><span class='ocrx_word' id='word_1_311' title='bbox 276 3905 334 3960; x_wconf 85' lang='lat' dir='ltr'>iam</span> <span class='ocrx_word' id='word_1_312' title='bbox 361 3902 427 3958; x_wconf 89' lang='lat' dir='ltr'>inde</span> <span class='ocrx_word' id='word_1_313' title='bbox 450 3919 468 3957; x_wconf 89' lang='lat' dir='ltr'>a</span> <span class='ocrx_word' id='word_1_314' title='bbox 491 3901 574 3957; x_wconf 90' lang='lat' dir='ltr'>bellis</span> <span class='ocrx_word' id='word_1_315' title='bbox 593 3901 712 3956; x_wconf 87' lang='lat' dir='ltr'>Persicis</span> <span class='ocrx_word' id='word_1_316' title='bbox 735 3902 809 3972; x_wconf 88' lang='lat' dir='ltr'>ipsas</span> <span class='ocrx_word' id='word_1_317' title='bbox 827 3903 952 3958; x_wconf 76' lang='lat' dir='ltr'>Athenas</span> <span class='ocrx_word' id='word_1_318' title='bbox 975 3901 1116 3958; x_wconf 82' lang='lat' dir='ltr'>affluxisse</span> <span class='ocrx_word' id='word_1_319' title='bbox 1135 3903 1350 3975; x_wconf 85' lang='lat' dir='ltr'>margaritarum</span> <span class='ocrx_word' id='word_1_320' title='bbox 1369 3904 1423 3959; x_wconf 80' lang='lat' dir='ltr'>tre-</span> 
     </span>
     <span class='ocr_line' id='line_1_36' title="bbox 277 3989 1425 4073; baseline -0.002 -25"><span class='ocrx_word' id='word_1_321' title='bbox 277 3991 394 4063; x_wconf 88' lang='lat' dir='ltr'>quentis</span> <span class='ocrx_word' id='word_1_322' title='bbox 416 3990 565 4046; x_wconf 82' lang='lat' dir='ltr'>adseverat</span> <span class='ocrx_word' id='word_1_323' title='bbox 586 4005 613 4073; x_wconf 84' lang='lat' dir='ltr'>p.</span> <span class='ocrx_word' id='word_1_324' title='bbox 634 3997 681 4058; x_wconf 86' lang='lat'>11,</span> <span class='ocrx_word' id='word_1_325' title='bbox 705 3989 808 4059; x_wconf 88' lang='lat' dir='ltr'>idque</span> <span class='ocrx_word' id='word_1_326' title='bbox 827 3992 941 4047; x_wconf 84' lang='lat' dir='ltr'>auctore</span> <span class='ocrx_word' id='word_1_327' title='bbox 959 3991 1044 4061; x_wconf 87' lang='lat' dir='ltr'>dicat,</span> <span class='ocrx_word' id='word_1_328' title='bbox 1062 3991 1123 4062; x_wconf 88' lang='lat' dir='ltr'>ipse</span> <span class='ocrx_word' id='word_1_329' title='bbox 1142 3991 1252 4048; x_wconf 84' lang='lat' dir='ltr'>viderit.</span> <span class='ocrx_word' id='word_1_330' title='bbox 1289 3993 1425 4048; x_wconf 74' lang='lat' dir='ltr'>seorsis</span> 
     </span>
     <span class='ocr_line' id='line_1_37' title="bbox 277 4077 1425 4149; baseline 0 -13"><span class='ocrx_word' id='word_1_331' title='bbox 277 4081 404 4136; x_wconf 81' lang='lat' dir='ltr'>Medisve</span> <span class='ocrx_word' id='word_1_332' title='bbox 423 4079 447 4134; x_wconf 91' lang='lat' dir='ltr'>si</span> <span class='ocrx_word' id='word_1_333' title='bbox 466 4077 632 4134; x_wconf 85' lang='lat' dir='ltr'>adGraecos</span> <span class='ocrx_word' id='word_1_334' title='bbox 651 4078 764 4134; x_wconf 88' lang='lat' dir='ltr'>illarum</span> <span class='ocrx_word' id='word_1_335' title='bbox 783 4078 886 4134; x_wconf 86' lang='lat' dir='ltr'>notitia</span> <span class='ocrx_word' id='word_1_336' title='bbox 899 4079 1081 4149; x_wconf 84' lang='lat' dir='ltr'>pervenisset,</span> <span class='ocrx_word' id='word_1_337' title='bbox 1100 4081 1212 4136; x_wconf 90' lang='lat' dir='ltr'>Persico</span> <span class='ocrx_word' id='word_1_338' title='bbox 1227 4097 1274 4136; x_wconf 93' lang='lat' dir='ltr'>eas</span> <span class='ocrx_word' id='word_1_339' title='bbox 1287 4081 1425 4136; x_wconf 86' lang='lat' dir='ltr'>vocabulo</span> 
     </span>
     <span class='ocr_line' id='line_1_38' title="bbox 278 4166 1424 4240; baseline -0.002 -16"><span class='ocrx_word' id='word_1_340' title='bbox 278 4169 481 4240; x_wconf 81' lang='lat' dir='ltr'>appellassent:</span> <span class='ocrx_word' id='word_1_341' title='bbox 511 4169 547 4223; x_wconf 87' lang='lat' dir='ltr'>ab</span> <span class='ocrx_word' id='word_1_342' title='bbox 570 4166 666 4224; x_wconf 87' lang='lat' dir='ltr'>Indico</span> <span class='ocrx_word' id='word_1_343' title='bbox 694 4169 789 4224; x_wconf 86' lang='lat' dir='ltr'>autem</span> <span class='ocrx_word' id='word_1_344' title='bbox 817 4167 931 4222; x_wconf 82' lang='lat' dir='ltr'>ductum</span> <span class='ocrx_word' id='word_1_345' title='bbox 958 4186 1018 4224; x_wconf 89' lang='lat' dir='ltr'>esee</span> <span class='ocrx_word' id='word_1_346' title='bbox 1044 4169 1215 4238; x_wconf 67' lang='grc' dir='ltr'>μαργαρίτης</span> <span class='ocrx_word' id='word_1_347' title='bbox 1237 4187 1339 4225; x_wconf 88' lang='lat' dir='ltr'>nomeu</span> <span class='ocrx_word' id='word_1_348' title='bbox 1361 4186 1424 4223; x_wconf 88' lang='lat' dir='ltr'>cum</span> 
     </span>
     <span class='ocr_line' id='line_1_39' title="bbox 278 4255 1422 4329; baseline -0.003 -17"><span class='ocrx_word' id='word_1_349' title='bbox 278 4257 372 4314; x_wconf 91' lang='lat' dir='ltr'>Pottic</span> <span class='ocrx_word' id='word_1_350' title='bbox 396 4260 426 4312; x_wconf 89' lang='lat' dir='ltr'>et</span> <span class='ocrx_word' id='word_1_351' title='bbox 447 4257 585 4314; x_wconf 87' lang='lat' dir='ltr'>Lassenus</span> <span class='ocrx_word' id='word_1_352' title='bbox 608 4255 704 4312; x_wconf 87' lang='lat' dir='ltr'>docuit</span> <span class='ocrx_word' id='word_1_353' title='bbox 726 4257 757 4312; x_wconf 89' lang='lat' dir='ltr'>et</span> <span class='ocrx_word' id='word_1_354' title='bbox 774 4256 1008 4314; x_wconf 83' lang='lat' dir='ltr'>Schwanbeclrius</span> <span class='ocrx_word' id='word_1_355' title='bbox 1034 4257 1080 4314; x_wconf 88' lang='lat' dir='ltr'>‘de</span> <span class='ocrx_word' id='word_1_356' title='bbox 1098 4257 1289 4329; x_wconf 82' lang='lat' dir='ltr'>Megasthenis</span> <span class='ocrx_word' id='word_1_357' title='bbox 1308 4255 1422 4310; x_wconf 85' lang='lat' dir='ltr'>ludicis’</span> 
     </span>
     <span class='ocr_line' id='line_1_40' title="bbox 279 4343 1424 4418; baseline -0.003 -16"><span class='ocrx_word' id='word_1_358' title='bbox 279 4345 332 4417; x_wconf 72' lang='lat' dir='ltr'>led.</span> <span class='ocrx_word' id='word_1_359' title='bbox 351 4346 464 4402; x_wconf 87' lang='lat' dir='ltr'>Bonnae</span> <span class='ocrx_word' id='word_1_360' title='bbox 482 4363 507 4403; x_wconf 90' lang='lat' dir='ltr'>a.</span> <span class='ocrx_word' id='word_1_361' title='bbox 528 4348 609 4418; x_wconf 79' lang='lat' dir='ltr'>lese)</span> <span class='ocrx_word' id='word_1_362' title='bbox 633 4365 660 4417; x_wconf 92' lang='lat' dir='ltr'>p.</span> <span class='ocrx_word' id='word_1_363' title='bbox 680 4352 727 4415; x_wconf 78' lang='lat'>40,</span> <span class='ocrx_word' id='word_1_364' title='bbox 751 4361 921 4416; x_wconf 85' lang='lat' dir='ltr'>quemquam</span> <span class='ocrx_word' id='word_1_365' title='bbox 946 4346 980 4402; x_wconf 92' lang='lat' dir='ltr'>de</span> <span class='ocrx_word' id='word_1_366' title='bbox 999 4346 1063 4417; x_wconf 84' lang='lat' dir='ltr'>ipsa</span> <span class='ocrx_word' id='word_1_367' title='bbox 1080 4345 1168 4418; x_wconf 88' lang='lat' dir='ltr'>stirpe</span> <span class='ocrx_word' id='word_1_368' title='bbox 1185 4343 1331 4416; x_wconf 88' lang='lat' dir='ltr'>paululum</span> <span class='ocrx_word' id='word_1_369' title='bbox 1350 4343 1424 4399; x_wconf 86' lang='lat' dir='ltr'>iuter</span> 
     </span>
     <span class='ocr_line' id='line_1_41' title="bbox 278 4433 499 4490; baseline 0 0"><span class='ocrx_word' id='word_1_370' title='bbox 278 4451 308 4490; x_wconf 87' lang='lat' dir='ltr'>ee</span> <span class='ocrx_word' id='word_1_371' title='bbox 327 4433 499 4490; x_wconf 86' lang='lat' dir='ltr'>dissidentes.</span> 
     </span>
    </p>
   </div>
   <div class='ocr_carea' id='block_1_4' title="bbox 0 0 1653 5114">
    <p class='ocr_par' dir='ltr' id='par_1_4' title="bbox 0 0 1653 5114">
     <span class='ocr_line' id='line_1_42' title="bbox 0 0 1653 5114; baseline 0 0"><span class='ocrx_word' id='word_1_372' title='bbox 0 0 1653 5114; x_wconf 95' lang='lat' dir='ltr'> </span> 
     </span>
    </p>
   </div>
  </div>
 </body>
</html>
