<?xml version="1.0" encoding="UTF-8"?>
<!DOCTYPE html PUBLIC "-//W3C//DTD XHTML 1.0 Transitional//EN"
    "http://www.w3.org/TR/xhtml1/DTD/xhtml1-transitional.dtd">
<html xmlns="http://www.w3.org/1999/xhtml" xml:lang="en" lang="en">
 <head>
  <title>
</title>
<meta http-equiv="Content-Type" content="text/html;charset=utf-8" />
  <meta name='ocr-system' content='tesseract 3.04.00' />
  <meta name='ocr-capabilities' content='ocr_page ocr_carea ocr_par ocr_line ocrx_word'/>
</head>
<body>
  <div class='ocr_page' id='page_1' title='image "./fridericiritsch09wachgoog_0252.png"; bbox 0 0 3274 5114; ppageno 0'>
   <div class='ocr_carea' id='block_1_1' title="bbox 650 407 1364 474">
    <p class='ocr_par' dir='ltr' id='par_1_1' title="bbox 650 407 1364 474">
     <span class='ocr_line' id='line_1_1' title="bbox 650 407 1364 474; baseline -0.003 -1"><span class='ocrx_word' id='word_1_1' title='bbox 650 425 934 474; x_wconf 77' lang='lat' dir='ltr'><strong>ccunnurnmvs.</strong></span> <span class='ocrx_word' id='word_1_2' title='bbox 1300 407 1364 471; x_wconf 80' lang='lat'><strong>227</strong></span> 
     </span>
    </p>
   </div>
   <div class='ocr_carea' id='block_1_2' title="bbox 105 567 1482 4664">
    <p class='ocr_par' dir='ltr' id='par_1_2' title="bbox 105 567 1482 4664">
     <span class='ocr_line' id='line_1_2' title="bbox 222 567 1366 650; baseline -0.003 -16"><span class='ocrx_word' id='word_1_3' title='bbox 222 569 310 634; x_wconf 84' lang='lat' dir='ltr'><strong>Du&#39;m</strong></span> <span class='ocrx_word' id='word_1_4' title='bbox 336 571 375 650; x_wconf 76' lang='lat' dir='ltr'><strong>irs¹</strong></span> <span class='ocrx_word' id='word_1_5' title='bbox 394 569 555 635; x_wconf 77' lang='lat' dir='ltr'><strong>Albanam</strong></span> <span class='ocrx_word' id='word_1_6' title='bbox 582 569 690 634; x_wconf 70' lang='lat' dir='ltr'><strong>crabro</strong></span> <span class='ocrx_word' id='word_1_7' title='bbox 717 569 841 650; x_wconf 76' lang='lat' dir='ltr'><strong><em>rapitur</em></strong></span> <span class='ocrx_word' id='word_1_8' title='bbox 868 568 908 633; x_wconf 87' lang='lat' dir='ltr'><strong>o‘b</strong></span> <span class='ocrx_word' id='word_1_9' title='bbox 938 567 1044 648; x_wconf 72' lang='lat' dir='ltr'><strong>florem</strong></span> <span class='ocrx_word' id='word_1_10' title='bbox 1073 569 1184 631; x_wconf 76' lang='lat' dir='ltr'><strong>acturis</strong></span> <span class='ocrx_word' id='word_1_11' title='bbox 1211 587 1302 650; x_wconf 81' lang='lat' dir='ltr'><strong>saue,</strong></span> <span class='ocrx_word' id='word_1_12' title='bbox 1331 567 1366 630; x_wconf 90' lang='lat' dir='ltr'><strong>in</strong></span> 
     </span>
     <span class='ocr_line' id='line_1_3' title="bbox 221 673 1367 760; baseline -0.005 -18"><span class='ocrx_word' id='word_1_13' title='bbox 221 676 422 760; x_wconf 83' lang='lat' dir='ltr'>quadruplici</span> <span class='ocrx_word' id='word_1_14' title='bbox 459 679 568 740; x_wconf 87' lang='lat' dir='ltr'><strong>autem</strong></span> <span class='ocrx_word' id='word_1_15' title='bbox 600 676 724 758; x_wconf 89' lang='lat' dir='ltr'><strong>protasi</strong></span> <span class='ocrx_word' id='word_1_16' title='bbox 757 675 957 740; x_wconf 71' lang='lat' dir='ltr'><strong>constructio</strong></span> <span class='ocrx_word' id='word_1_17' title='bbox 991 674 1096 739; x_wconf 92' lang='lat' dir='ltr'><strong>omnis</strong></span> <span class='ocrx_word' id='word_1_18' title='bbox 1129 673 1276 738; x_wconf 74' lang='lat' dir='ltr'><strong>substitit</strong></span> <span class='ocrx_word' id='word_1_19' title='bbox 1307 693 1367 738; x_wconf 93' lang='lat' dir='ltr'><strong>nec</strong></span> 
     </span>
     <span class='ocr_line' id='line_1_4' title="bbox 224 779 1367 866; baseline -0.004 -18"><span class='ocrx_word' id='word_1_20' title='bbox 224 783 357 848; x_wconf 90' lang='lat' dir='ltr'><strong>omnino</strong></span> <span class='ocrx_word' id='word_1_21' title='bbox 382 781 423 846; x_wconf 87' lang='lat' dir='ltr'><strong>ad</strong></span> <span class='ocrx_word' id='word_1_22' title='bbox 446 779 680 866; x_wconf 89' lang='lat' dir='ltr'><strong>quintuplicem</strong></span> <span class='ocrx_word' id='word_1_23' title='bbox 703 801 877 865; x_wconf 81' lang='lat' dir='ltr'><strong>progressa</strong></span> <span class='ocrx_word' id='word_1_24' title='bbox 900 784 959 846; x_wconf 89' lang='lat' dir='ltr'><strong>est.</strong></span> <span class='ocrx_word' id='word_1_25' title='bbox 975 815 1015 826; x_wconf 94' lang='lat'><em>-</em></span> <span class='ocrx_word' id='word_1_26' title='bbox 1041 780 1087 844; x_wconf 88' lang='lat' dir='ltr'><strong>At</strong></span> <span class='ocrx_word' id='word_1_27' title='bbox 1109 801 1184 844; x_wconf 88' lang='lat' dir='ltr'><strong>vero</strong></span> <span class='ocrx_word' id='word_1_28' title='bbox 1208 779 1367 864; x_wconf 85' lang='lat' dir='ltr'><strong>protasim</strong></span> 
     </span>
     <span class='ocr_line' id='line_1_5' title="bbox 221 885 1367 972; baseline -0.004 -17"><span class='ocrx_word' id='word_1_29' title='bbox 221 891 296 955; x_wconf 82' lang='lat' dir='ltr'><strong>dam</strong></span> <span class='ocrx_word' id='word_1_30' title='bbox 319 888 547 954; x_wconf 88' lang='lat' dir='ltr'><strong>coniunctione</strong></span> <span class='ocrx_word' id='word_1_31' title='bbox 569 887 691 952; x_wconf 87' lang='lat' dir='ltr'><strong>factam</strong></span> <span class='ocrx_word' id='word_1_32' title='bbox 715 885 791 972; x_wconf 90' lang='lat' dir='ltr'><strong>quid</strong></span> <span class='ocrx_word' id='word_1_33' title='bbox 815 909 885 952; x_wconf 91' lang='lat' dir='ltr'><strong>esse</strong></span> <span class='ocrx_word' id='word_1_34' title='bbox 908 887 1052 952; x_wconf 90' lang='lat' dir='ltr'><strong>dicamus</strong></span> <span class='ocrx_word' id='word_1_35' title='bbox 1076 886 1161 971; x_wconf 90' lang='lat' dir='ltr'><strong>quod</strong></span> <span class='ocrx_word' id='word_1_36' title='bbox 1180 887 1214 951; x_wconf 93' lang='lat' dir='ltr'><strong>in</strong></span> <span class='ocrx_word' id='word_1_37' title='bbox 1232 886 1367 970; x_wconf 88' lang='lat' dir='ltr'><strong>apodosi</strong></span> 
     </span>
     <span class='ocr_line' id='line_1_6' title="bbox 219 991 1366 1079; baseline -0.003 -19"><span class='ocrx_word' id='word_1_38' title='bbox 219 1001 291 1078; x_wconf 83' lang='lat' dir='ltr'><strong>post</strong></span> <span class='ocrx_word' id='word_1_39' title='bbox 311 995 473 1079; x_wconf 91' lang='lat' dir='ltr'><strong>particula</strong></span> <span class='ocrx_word' id='word_1_40' title='bbox 496 993 640 1078; x_wconf 83' lang='lat' dir='ltr'><strong>excipit?</strong></span> <span class='ocrx_word' id='word_1_41' title='bbox 672 993 706 1058; x_wconf 92' lang='lat' dir='ltr'><strong>id</strong></span> <span class='ocrx_word' id='word_1_42' title='bbox 730 991 816 1077; x_wconf 90' lang='lat' dir='ltr'><strong>quod</strong></span> <span class='ocrx_word' id='word_1_43' title='bbox 843 1015 938 1058; x_wconf 88' lang='lat' dir='ltr'><strong>nemo</strong></span> <span class='ocrx_word' id='word_1_44' title='bbox 962 1016 1028 1059; x_wconf 91' lang='lat' dir='ltr'><strong>non</strong></span> <span class='ocrx_word' id='word_1_45' title='bbox 1050 993 1138 1058; x_wconf 84' lang='lat' dir='ltr'><strong>videt</strong></span> <span class='ocrx_word' id='word_1_46' title='bbox 1160 1015 1292 1078; x_wconf 88' lang='lat' dir='ltr'><strong>prorsus</strong></span> <span class='ocrx_word' id='word_1_47' title='bbox 1315 993 1366 1057; x_wconf 90' lang='lat' dir='ltr'><strong>de·</strong></span> 
     </span>
     <span class='ocr_line' id='line_1_7' title="bbox 224 1100 1368 1184; baseline -0.004 -16"><span class='ocrx_word' id='word_1_48' title='bbox 224 1104 316 1168; x_wconf 89' lang='lat' dir='ltr'><strong>stitui</strong></span> <span class='ocrx_word' id='word_1_49' title='bbox 339 1102 473 1168; x_wconf 88' lang='lat' dir='ltr'><strong>ratione.</strong></span> <span class='ocrx_word' id='word_1_50' title='bbox 519 1100 621 1165; x_wconf 90' lang='lat' dir='ltr'><strong>Porro</strong></span> <span class='ocrx_word' id='word_1_51' title='bbox 646 1105 755 1165; x_wconf 89' lang='lat' dir='ltr'><strong>autem</strong></span> <span class='ocrx_word' id='word_1_52' title='bbox 780 1123 860 1184; x_wconf 88' lang='lat' dir='ltr'><strong>quas</strong></span> <span class='ocrx_word' id='word_1_53' title='bbox 883 1100 1014 1165; x_wconf 89' lang='lat' dir='ltr'><strong>tandem</strong></span> <span class='ocrx_word' id='word_1_54' title='bbox 1037 1121 1086 1166; x_wconf 84' lang='lat' dir='ltr'><strong>res</strong></span> <span class='ocrx_word' id='word_1_55' title='bbox 1107 1101 1246 1166; x_wconf 70' lang='lat' dir='ltr'><strong>adbuc</strong></span> <span class='ocrx_word' id='word_1_56' title='bbox 1268 1100 1368 1164; x_wconf 86' lang='lat' dir='ltr'><strong>inter·</strong></span> 
     </span>
     <span class='ocr_line' id='line_1_8' title="bbox 223 1206 1367 1293; baseline -0.003 -19"><span class='ocrx_word' id='word_1_57' title='bbox 223 1210 401 1293; x_wconf 73' lang='lat' dir='ltr'><strong>pretabere,</strong></span> <span class='ocrx_word' id='word_1_58' title='bbox 424 1208 492 1272; x_wconf 88' lang='lat' dir='ltr'><strong>sive</strong></span> <span class='ocrx_word' id='word_1_59' title='bbox 515 1229 588 1272; x_wconf 88' lang='lat' dir='ltr'><strong>cum</strong></span> <span class='ocrx_word' id='word_1_60' title='bbox 613 1207 733 1273; x_wconf 83' lang='lat' dir='ltr'><strong>Wolfio</strong></span> <span class='ocrx_word' id='word_1_61' title='bbox 756 1206 879 1271; x_wconf 74' lang='lat' dir='ltr'><strong>ablutus</strong></span> <span class='ocrx_word' id='word_1_62' title='bbox 902 1206 1132 1272; x_wconf 74' lang='lat' dir='ltr'><strong>substituetis?</strong></span> <span class='ocrx_word' id='word_1_63' title='bbox 1170 1207 1258 1283; x_wconf 83' lang='lat' dir='ltr'><strong>Quos</strong></span> <span class='ocrx_word' id='word_1_64' title='bbox 1282 1207 1367 1273; x_wconf 87' lang='lat' dir='ltr'><strong>enim</strong></span> 
     </span>
     <span class='ocr_line' id='line_1_9' title="bbox 225 1312 1368 1398; baseline -0.004 -18"><span class='ocrx_word' id='word_1_65' title='bbox 225 1337 295 1380; x_wconf 88' lang='lat' dir='ltr'><strong>essa</strong></span> <span class='ocrx_word' id='word_1_66' title='bbox 318 1313 584 1398; x_wconf 88' lang='lat' dir='ltr'><strong>putabimus·qui</strong></span> <span class='ocrx_word' id='word_1_67' title='bbox 607 1335 658 1378; x_wconf 92' lang='lat' dir='ltr'><strong>res</strong></span> <span class='ocrx_word' id='word_1_68' title='bbox 682 1313 847 1398; x_wconf 89' lang='lat' dir='ltr'><strong>quaslibet</strong></span> <span class='ocrx_word' id='word_1_69' title='bbox 865 1312 1018 1378; x_wconf 83' lang='lat' dir='ltr'><strong>Terentio</strong></span> <span class='ocrx_word' id='word_1_70' title='bbox 1037 1313 1087 1376; x_wconf 85' lang='lat' dir='ltr'><strong>vel</strong></span> <span class='ocrx_word' id='word_1_71' title='bbox 1107 1313 1299 1378; x_wconf 88' lang='lat' dir='ltr'><strong>sustulerint</strong></span> <span class='ocrx_word' id='word_1_72' title='bbox 1316 1313 1368 1377; x_wconf 85' lang='lat' dir='ltr'><strong>vel</strong></span> 
     </span>
     <span class='ocr_line' id='line_1_10' title="bbox 224 1419 1369 1504; baseline 0 -20"><span class='ocrx_word' id='word_1_73' title='bbox 224 1419 442 1486; x_wconf 78' lang='lat' dir='ltr'><strong>abstulerint?</strong></span> <span class='ocrx_word' id='word_1_74' title='bbox 479 1423 516 1484; x_wconf 90' lang='lat' dir='ltr'><strong>ut</strong></span> <span class='ocrx_word' id='word_1_75' title='bbox 545 1441 594 1486; x_wconf 84' lang='lat' dir='ltr'><strong>res</strong></span> <span class='ocrx_word' id='word_1_76' title='bbox 621 1442 692 1485; x_wconf 89' lang='lat' dir='ltr'><strong>essa</strong></span> <span class='ocrx_word' id='word_1_77' title='bbox 721 1421 809 1486; x_wconf 90' lang='lat' dir='ltr'><strong>bona</strong></span> <span class='ocrx_word' id='word_1_78' title='bbox 838 1441 988 1504; x_wconf 85' lang='lat' dir='ltr'><strong>possessa</strong></span> <span class='ocrx_word' id='word_1_79' title='bbox 1018 1443 1037 1484; x_wconf 90' lang='lat' dir='ltr'><strong>a</strong></span> <span class='ocrx_word' id='word_1_80' title='bbox 1063 1424 1161 1503; x_wconf 83' lang='lat' dir='ltr'><strong>poete</strong></span> <span class='ocrx_word' id='word_1_81' title='bbox 1183 1419 1369 1504; x_wconf 80' lang='lat' dir='ltr'><strong>largiamur.</strong></span> 
     </span>
     <span class='ocr_line' id='line_1_11' title="bbox 225 1525 1369 1610; baseline 0 -20"><span class='ocrx_word' id='word_1_82' title='bbox 225 1526 276 1590; x_wconf 87' lang='lat' dir='ltr'><strong>An</strong></span> <span class='ocrx_word' id='word_1_83' title='bbox 295 1525 489 1610; x_wconf 82' lang='lat' dir='ltr'><strong>Scipionem,</strong></span> <span class='ocrx_word' id='word_1_84' title='bbox 507 1525 648 1610; x_wconf 84' lang='lat' dir='ltr'><strong>Furium,</strong></span> <span class='ocrx_word' id='word_1_85' title='bbox 671 1526 841 1592; x_wconf 78' lang='lat' dir='ltr'><strong>Laelium?</strong></span> <span class='ocrx_word' id='word_1_86' title='bbox 877 1527 1035 1591; x_wconf 83' lang='lat' dir='ltr'><strong>Perverse</strong></span> <span class='ocrx_word' id='word_1_87' title='bbox 1056 1525 1137 1590; x_wconf 86' lang='lat' dir='ltr'><strong>haec</strong></span> <span class='ocrx_word' id='word_1_88' title='bbox 1160 1531 1237 1590; x_wconf 88' lang='lat' dir='ltr'><strong>sunt</strong></span> <span class='ocrx_word' id='word_1_89' title='bbox 1260 1526 1369 1590; x_wconf 83' lang='lat' dir='ltr'><strong>omnia</strong></span> 
     </span>
     <span class='ocr_line' id='line_1_12' title="bbox 223 1632 1368 1716; baseline 0 -20"><span class='ocrx_word' id='word_1_90' title='bbox 223 1637 281 1697; x_wconf 89' lang='lat' dir='ltr'><strong>aut</strong></span> <span class='ocrx_word' id='word_1_91' title='bbox 304 1633 516 1698; x_wconf 85' lang='lat' dir='ltr'><strong>abhorrentia</strong></span> <span class='ocrx_word' id='word_1_92' title='bbox 539 1655 559 1697; x_wconf 86' lang='lat' dir='ltr'><strong>a</strong></span> <span class='ocrx_word' id='word_1_93' title='bbox 582 1633 761 1698; x_wconf 79' lang='lat' dir='ltr'><strong>latinitate:</strong></span> <span class='ocrx_word' id='word_1_94' title='bbox 794 1656 908 1699; x_wconf 90' lang='lat' dir='ltr'><strong>sanum</strong></span> <span class='ocrx_word' id='word_1_95' title='bbox 932 1633 1029 1714; x_wconf 90' lang='lat' dir='ltr'><strong>nihil,</strong></span> <span class='ocrx_word' id='word_1_96' title='bbox 1062 1632 1215 1716; x_wconf 88' lang='lat' dir='ltr'><strong>quamdin</strong></span> <span class='ocrx_word' id='word_1_97' title='bbox 1239 1633 1368 1715; x_wconf 90' lang='lat' dir='ltr'><strong>quidem</strong></span> 
     </span>
     <span class='ocr_line' id='line_1_13' title="bbox 222 1724 1482 1824; baseline -0.001 -21"><span class='ocrx_word' id='word_1_98' title='bbox 222 1741 257 1804; x_wconf 92' lang='lat' dir='ltr'><strong>in</strong></span> <span class='ocrx_word' id='word_1_99' title='bbox 281 1739 342 1804; x_wconf 91' lang='lat' dir='ltr'><strong>hac</strong></span> <span class='ocrx_word' id='word_1_100' title='bbox 366 1741 420 1806; x_wconf 87' lang='lat' dir='ltr'><strong>via</strong></span> <span class='ocrx_word' id='word_1_101' title='bbox 442 1739 661 1824; x_wconf 84' lang='lat' dir='ltr'><strong>persistimus,</strong></span> <span class='ocrx_word' id='word_1_102' title='bbox 693 1739 757 1804; x_wconf 90' lang='lat' dir='ltr'><strong>nisi</strong></span> <span class='ocrx_word' id='word_1_103' title='bbox 786 1743 822 1803; x_wconf 89' lang='lat' dir='ltr'><strong>ut</strong></span> <span class='ocrx_word' id='word_1_104' title='bbox 847 1761 881 1803; x_wconf 85' lang='lat' dir='ltr'><strong>re</strong></span> <span class='ocrx_word' id='word_1_105' title='bbox 909 1741 1032 1823; x_wconf 87' lang='lat' dir='ltr'><strong>potius,</strong></span> <span class='ocrx_word' id='word_1_106' title='bbox 1063 1761 1128 1803; x_wconf 92' lang='lat' dir='ltr'><strong>non</strong></span> <span class='ocrx_word' id='word_1_107' title='bbox 1155 1738 1256 1821; x_wconf 69' lang='lat' dir='ltr'><strong>retra,</strong></span> <span class='ocrx_word' id='word_1_108' title='bbox 1288 1739 1319 1802; x_wconf 93' lang='lat' dir='ltr'><strong>h.</strong></span> <span class='ocrx_word' id='word_1_109' title='bbox 1343 1760 1369 1803; x_wconf 90' lang='lat' dir='ltr'><strong>e.</strong></span> <span class='ocrx_word' id='word_1_110' title='bbox 1477 1724 1482 1732; x_wconf 47' lang='lat'>¹</span> 
     </span>
     <span class='ocr_line' id='line_1_14' title="bbox 223 1844 1369 1930; baseline -0.001 -20"><span class='ocrx_word' id='word_1_111' title='bbox 223 1867 257 1910; x_wconf 88' lang='lat' dir='ltr'><strong>re</strong></span> <span class='ocrx_word' id='word_1_112' title='bbox 290 1846 444 1912; x_wconf 77' lang='lat' dir='ltr'><strong>familiari</strong></span> <span class='ocrx_word' id='word_1_113' title='bbox 474 1845 632 1929; x_wconf 74' lang='lat' dir='ltr'><strong>‘perdita&#39;</strong></span> <span class='ocrx_word' id='word_1_114' title='bbox 661 1845 712 1909; x_wconf 84' lang='lat' dir='ltr'><strong>rel</strong></span> <span class='ocrx_word' id='word_1_115' title='bbox 740 1844 983 1930; x_wconf 75' lang='lat' dir='ltr'><strong>‘pessumdata’</strong></span> <span class='ocrx_word' id='word_1_116' title='bbox 1011 1846 1178 1910; x_wconf 78' lang='lat' dir='ltr'><strong>diceretur.</strong></span> <span class='ocrx_word' id='word_1_117' title='bbox 1233 1845 1369 1910; x_wconf 89' lang='lat' dir='ltr'><strong>Prorsus</strong></span> 
     </span>
     <span class='ocr_line' id='line_1_15' title="bbox 222 1951 1370 2038; baseline 0 -22"><span class='ocrx_word' id='word_1_118' title='bbox 222 1951 383 2017; x_wconf 79' lang='lat' dir='ltr'><strong>diversam</strong></span> <span class='ocrx_word' id='word_1_119' title='bbox 408 1953 574 2018; x_wconf 89' lang='lat' dir='ltr'><strong>notionem</strong></span> <span class='ocrx_word' id='word_1_120' title='bbox 603 1952 741 2035; x_wconf 89' lang='lat' dir='ltr'><strong>pluralis</strong></span> <span class='ocrx_word' id='word_1_121' title='bbox 768 1974 919 2017; x_wconf 90' lang='lat' dir='ltr'><strong>numerus</strong></span> <span class='ocrx_word' id='word_1_122' title='bbox 947 1953 1091 2038; x_wconf 82' lang='lat' dir='ltr'><strong>flagitat,</strong></span> <span class='ocrx_word' id='word_1_123' title='bbox 1123 1973 1205 2037; x_wconf 88' lang='lat' dir='ltr'><strong>quae</strong></span> <span class='ocrx_word' id='word_1_124' title='bbox 1228 1952 1282 2016; x_wconf 83' lang='lat' dir='ltr'><strong>rix</strong></span> <span class='ocrx_word' id='word_1_125' title='bbox 1305 1951 1370 2016; x_wconf 90' lang='lat' dir='ltr'><strong>alia</strong></span> 
     </span>
     <span class='ocr_line' id='line_1_16' title="bbox 223 2057 1370 2144; baseline 0.001 -23"><span class='ocrx_word' id='word_1_126' title='bbox 223 2079 295 2122; x_wconf 89' lang='lat' dir='ltr'><strong>esse</strong></span> <span class='ocrx_word' id='word_1_127' title='bbox 318 2057 426 2140; x_wconf 92' lang='lat' dir='ltr'><strong>potuit</strong></span> <span class='ocrx_word' id='word_1_128' title='bbox 448 2057 511 2122; x_wconf 91' lang='lat' dir='ltr'><strong>nisi</strong></span> <span class='ocrx_word' id='word_1_129' title='bbox 535 2059 586 2140; x_wconf 91' lang='lat' dir='ltr'><strong>ut,</strong></span> <span class='ocrx_word' id='word_1_130' title='bbox 608 2058 663 2142; x_wconf 89' lang='lat' dir='ltr'><strong>qui</strong></span> <span class='ocrx_word' id='word_1_131' title='bbox 688 2058 828 2123; x_wconf 89' lang='lat' dir='ltr'><strong>alienam</strong></span> <span class='ocrx_word' id='word_1_132' title='bbox 856 2059 997 2144; x_wconf 80' lang='lat' dir='ltr'><strong>gratiam</strong></span> <span class='ocrx_word' id='word_1_133' title='bbox 1020 2058 1167 2143; x_wconf 90' lang='lat' dir='ltr'><strong>cupidius</strong></span> <span class='ocrx_word' id='word_1_134' title='bbox 1191 2062 1370 2122; x_wconf 75' lang='lat' dir='ltr'><strong>sectaretur</strong></span> 
     </span>
     <span class='ocr_line' id='line_1_17' title="bbox 223 2164 1420 2251; baseline -0.003 -23"><span class='ocrx_word' id='word_1_135' title='bbox 223 2164 430 2247; x_wconf 81' lang='lat' dir='ltr'><strong>luxuriaeque</strong></span> <span class='ocrx_word' id='word_1_136' title='bbox 463 2164 571 2228; x_wconf 88' lang='lat' dir='ltr'><strong>studia</strong></span> <span class='ocrx_word' id='word_1_137' title='bbox 602 2186 675 2229; x_wconf 90' lang='lat' dir='ltr'><strong>cum</strong></span> <span class='ocrx_word' id='word_1_138' title='bbox 706 2165 872 2230; x_wconf 88' lang='lat' dir='ltr'><strong>nobilibus</strong></span> <span class='ocrx_word' id='word_1_139' title='bbox 905 2167 1130 2251; x_wconf 86' lang='lat' dir='ltr'><strong>participaret,</strong></span> <span class='ocrx_word' id='word_1_140' title='bbox 1165 2165 1232 2229; x_wconf 82' lang='lat' dir='ltr'><strong>arr-is</strong></span> <span class='ocrx_word' id='word_1_141' title='bbox 1262 2165 1420 2247; x_wconf 76' lang='lat' dir='ltr'><strong>ipsiusne</strong></span> 
     </span>
     <span class='ocr_line' id='line_1_18' title="bbox 222 2268 1368 2355; baseline 0.003 -22"><span class='ocrx_word' id='word_1_142' title='bbox 222 2270 311 2335; x_wconf 82' lang='lat' dir='ltr'><strong>rebus</strong></span> <span class='ocrx_word' id='word_1_143' title='bbox 341 2268 531 2354; x_wconf 83' lang='lat' dir='ltr'><strong>‘neglectis&#39;</strong></span> <span class='ocrx_word' id='word_1_144' title='bbox 564 2270 614 2334; x_wconf 87' lang='lat' dir='ltr'><strong>rel</strong></span> <span class='ocrx_word' id='word_1_145' title='bbox 649 2269 872 2354; x_wconf 53' lang='lat' dir='ltr'><strong>‘postpositis</strong></span> <span class='ocrx_word' id='word_1_146' title='bbox 904 2269 1118 2355; x_wconf 90' lang='lat' dir='ltr'><strong>posthabitis&#39;</strong></span> <span class='ocrx_word' id='word_1_147' title='bbox 1151 2269 1192 2334; x_wconf 92' lang='lat' dir='ltr'><strong>ad</strong></span> <span class='ocrx_word' id='word_1_148' title='bbox 1224 2270 1368 2354; x_wconf 87' lang='lat' dir='ltr'><strong>inopiam</strong></span> 
     </span>
     <span class='ocr_line' id='line_1_19' title="bbox 224 2375 1480 2462; baseline 0.002 -22"><span class='ocrx_word' id='word_1_149' title='bbox 224 2397 293 2440; x_wconf 88' lang='lat' dir='ltr'><strong>esse</strong></span> <span class='ocrx_word' id='word_1_150' title='bbox 316 2377 465 2442; x_wconf 88' lang='lat' dir='ltr'><strong>redactus</strong></span> <span class='ocrx_word' id='word_1_151' title='bbox 490 2375 660 2440; x_wconf 89' lang='lat' dir='ltr'><strong>diceretur.</strong></span> <span class='ocrx_word' id='word_1_152' title='bbox 704 2376 852 2460; x_wconf 84' lang='lat' dir='ltr'><strong>Eamque</strong></span> <span class='ocrx_word' id='word_1_153' title='bbox 882 2377 988 2462; x_wconf 88' lang='lat' dir='ltr'><strong>ipsam</strong></span> <span class='ocrx_word' id='word_1_154' title='bbox 1016 2377 1050 2441; x_wconf 92' lang='lat' dir='ltr'><strong>in</strong></span> <span class='ocrx_word' id='word_1_155' title='bbox 1078 2376 1165 2441; x_wconf 86' lang='lat' dir='ltr'><strong>viam</strong></span> <span class='ocrx_word' id='word_1_156' title='bbox 1193 2381 1286 2442; x_wconf 84' lang='lat' dir='ltr'><strong>vetus</strong></span> <span class='ocrx_word' id='word_1_157' title='bbox 1309 2399 1369 2442; x_wconf 90' lang='lat' dir='ltr'><strong>nos</strong></span> <span class='ocrx_word' id='word_1_158' title='bbox 1462 2376 1480 2408; x_wconf 82' lang='lat'><em>⁰</em></span> 
     </span>
     <span class='ocr_line' id='line_1_20' title="bbox 222 2482 1371 2567; baseline 0.002 -19"><span class='ocrx_word' id='word_1_159' title='bbox 222 2482 389 2548; x_wconf 89' lang='lat' dir='ltr'><strong>Parisinus</strong></span> <span class='ocrx_word' id='word_1_160' title='bbox 418 2483 519 2565; x_wconf 89' lang='lat' dir='ltr'><strong>ducit,</strong></span> <span class='ocrx_word' id='word_1_161' title='bbox 553 2503 570 2548; x_wconf 90' lang='lat' dir='ltr'><strong>e</strong></span> <span class='ocrx_word' id='word_1_162' title='bbox 597 2483 688 2548; x_wconf 88' lang='lat' dir='ltr'><strong>cuius</strong></span> <span class='ocrx_word' id='word_1_163' title='bbox 716 2483 877 2567; x_wconf 89' lang='lat' dir='ltr'><strong>scriptura</strong></span> <span class='ocrx_word' id='word_1_164' title='bbox 903 2485 1013 2548; x_wconf 67' lang='lat' dir='ltr'><strong>octaba</strong></span> <span class='ocrx_word' id='word_1_165' title='bbox 1039 2503 1114 2548; x_wconf 82' lang='lat' dir='ltr'><strong>suae</strong></span> <span class='ocrx_word' id='word_1_166' title='bbox 1138 2488 1211 2565; x_wconf 83' lang='lat' dir='ltr'><strong>post</strong></span> <span class='ocrx_word' id='word_1_167' title='bbox 1240 2483 1371 2550; x_wconf 69' lang='lat' dir='ltr'><strong>sublatis</strong></span> 
     </span>
     <span class='ocr_line' id='line_1_21' title="bbox 222 2588 1369 2676; baseline 0.003 -24"><span class='ocrx_word' id='word_1_168' title='bbox 222 2589 390 2656; x_wconf 88' lang='lat' dir='ltr'><strong>lenissima</strong></span> <span class='ocrx_word' id='word_1_169' title='bbox 425 2588 681 2671; x_wconf 89' lang='lat' dir='ltr'><strong>transpositione</strong></span> <span class='ocrx_word' id='word_1_170' title='bbox 718 2590 854 2674; x_wconf 88' lang='lat' dir='ltr'><strong>eruitur,</strong></span> <span class='ocrx_word' id='word_1_171' title='bbox 891 2589 976 2674; x_wconf 92' lang='lat' dir='ltr'><strong>quod</strong></span> <span class='ocrx_word' id='word_1_172' title='bbox 1014 2611 1034 2653; x_wconf 92' lang='lat' dir='ltr'><strong>a</strong></span> <span class='ocrx_word' id='word_1_173' title='bbox 1065 2589 1180 2656; x_wconf 92' lang='lat' dir='ltr'><strong>Porcio</strong></span> <span class='ocrx_word' id='word_1_174' title='bbox 1213 2591 1369 2676; x_wconf 88' lang='lat' dir='ltr'><strong>scriptum</strong></span> 
     </span>
     <span class='ocr_line' id='line_1_22' title="bbox 223 2695 1371 2780; baseline 0.005 -23"><span class='ocrx_word' id='word_1_175' title='bbox 223 2716 294 2759; x_wconf 88' lang='lat' dir='ltr'><strong>csse</strong></span> <span class='ocrx_word' id='word_1_176' title='bbox 317 2717 377 2778; x_wconf 90' lang='lat' dir='ltr'><strong>pro</strong></span> <span class='ocrx_word' id='word_1_177' title='bbox 401 2700 488 2761; x_wconf 87' lang='lat' dir='ltr'><strong>certo</strong></span> <span class='ocrx_word' id='word_1_178' title='bbox 512 2695 732 2780; x_wconf 85' lang='lat' dir='ltr'><strong>affirmamus,</strong></span> <span class='ocrx_word' id='word_1_179' title='bbox 761 2699 872 2761; x_wconf 80' lang='lat' dir='ltr'><strong>aetatis</strong></span> <span class='ocrx_word' id='word_1_180' title='bbox 893 2717 979 2774; x_wconf 80' lang='lat' dir='ltr'><strong>saue,</strong></span> <span class='ocrx_word' id='word_1_181' title='bbox 996 2695 1007 2778; x_wconf 93' lang='lat' dir='ltr'><strong>l</strong></span> <span class='ocrx_word' id='word_1_182' title='bbox 1024 2696 1099 2761; x_wconf 81' lang='lat' dir='ltr'><strong>Suis</strong></span> <span class='ocrx_word' id='word_1_183' title='bbox 1118 2698 1261 2778; x_wconf 81' lang='lat' dir='ltr'><strong>postlatis</strong></span> <span class='ocrx_word' id='word_1_184' title='bbox 1282 2699 1371 2763; x_wconf 81' lang='lat' dir='ltr'><strong>rebus</strong></span> 
     </span>
     <span class='ocr_line' id='line_1_23' title="bbox 224 2799 1369 2886; baseline 0.005 -24"><span class='ocrx_word' id='word_1_185' title='bbox 224 2821 251 2863; x_wconf 90' lang='lat' dir='ltr'><strong>e.</strong></span> <span class='ocrx_word' id='word_1_186' title='bbox 274 2822 303 2884; x_wconf 92' lang='lat' dir='ltr'><strong>q.</strong></span> <span class='ocrx_word' id='word_1_187' title='bbox 327 2822 351 2864; x_wconf 89' lang='lat' dir='ltr'><strong>s.</strong></span> <span class='ocrx_word' id='word_1_188' title='bbox 396 2799 506 2883; x_wconf 88' lang='lat' dir='ltr'><strong>Ipsum</strong></span> <span class='ocrx_word' id='word_1_189' title='bbox 529 2801 685 2882; x_wconf 81' lang='lat' dir='ltr'><strong>postlatus</strong></span> <span class='ocrx_word' id='word_1_190' title='bbox 712 2802 905 2866; x_wconf 87' lang='lat' dir='ltr'><strong>vocabulum</strong></span> <span class='ocrx_word' id='word_1_191' title='bbox 931 2801 1081 2885; x_wconf 90' lang='lat' dir='ltr'><strong>quotiens</strong></span> <span class='ocrx_word' id='word_1_192' title='bbox 1105 2803 1155 2866; x_wconf 87' lang='lat' dir='ltr'><strong>vel</strong></span> <span class='ocrx_word' id='word_1_193' title='bbox 1178 2809 1369 2886; x_wconf 87' lang='lat' dir='ltr'><strong>usurpatum</strong></span> 
     </span>
     <span class='ocr_line' id='line_1_24' title="bbox 224 2906 1370 2991; baseline 0.005 -22"><span class='ocrx_word' id='word_1_194' title='bbox 224 2906 481 2990; x_wconf 87' lang='lat' dir='ltr'><strong>ascriptoribus</strong></span> <span class='ocrx_word' id='word_1_195' title='bbox 505 2907 556 2970; x_wconf 88' lang='lat' dir='ltr'><strong>vel</strong></span> <span class='ocrx_word' id='word_1_196' title='bbox 581 2929 601 2970; x_wconf 88' lang='lat' dir='ltr'><strong>a</strong></span> <span class='ocrx_word' id='word_1_197' title='bbox 623 2907 765 2972; x_wconf 89' lang='lat' dir='ltr'><strong>librariis</strong></span> <span class='ocrx_word' id='word_1_198' title='bbox 794 2909 1002 2973; x_wconf 90' lang='lat' dir='ltr'><strong>obscuratum</strong></span> <span class='ocrx_word' id='word_1_199' title='bbox 1030 2909 1088 2991; x_wconf 88' lang='lat' dir='ltr'><strong>sit,</strong></span> <span class='ocrx_word' id='word_1_200' title='bbox 1117 2907 1241 2974; x_wconf 92' lang='lat' dir='ltr'><strong>idoneis</strong></span> <span class='ocrx_word' id='word_1_201' title='bbox 1265 2932 1370 2975; x_wconf 86' lang='lat' dir='ltr'><strong>exem-</strong></span> 
     </span>
     <span class='ocr_line' id='line_1_25' title="bbox 105 3010 1368 3099; baseline 0.004 -24"><span class='ocrx_word' id='word_1_202' title='bbox 105 3086 106 3090; x_wconf 13' lang='lat'><strong>,</strong></span> <span class='ocrx_word' id='word_1_203' title='bbox 224 3011 288 3096; x_wconf 92' lang='lat' dir='ltr'><strong>plis</strong></span> <span class='ocrx_word' id='word_1_204' title='bbox 313 3010 560 3096; x_wconf 89' lang='lat' dir='ltr'><strong>Oudendorpius</strong></span> <span class='ocrx_word' id='word_1_205' title='bbox 589 3014 622 3078; x_wconf 90' lang='lat' dir='ltr'><strong>in</strong></span> <span class='ocrx_word' id='word_1_206' title='bbox 646 3011 794 3078; x_wconf 87' lang='lat' dir='ltr'><strong>Suetonii</strong></span> <span class='ocrx_word' id='word_1_207' title='bbox 822 3014 879 3080; x_wconf 88' lang='lat' dir='ltr'><strong>vit.</strong></span> <span class='ocrx_word' id='word_1_208' title='bbox 906 3013 936 3080; x_wconf 90' lang='lat' dir='ltr'><strong>d.</strong></span> <span class='ocrx_word' id='word_1_209' title='bbox 959 3013 1043 3099; x_wconf 81' lang='lat' dir='ltr'><strong>Aug.</strong></span> <span class='ocrx_word' id='word_1_210' title='bbox 1071 3037 1097 3080; x_wconf 91' lang='lat' dir='ltr'><strong>c.</strong></span> <span class='ocrx_word' id='word_1_211' title='bbox 1121 3016 1161 3080; x_wconf 77' lang='lat'><strong>77</strong></span> <span class='ocrx_word' id='word_1_212' title='bbox 1186 3015 1303 3082; x_wconf 90' lang='lat' dir='ltr'><strong>docuit.</strong></span> <span class='ocrx_word' id='word_1_213' title='bbox 1326 3053 1368 3065; x_wconf 92' lang='lat'><em>-</em></span> 
     </span>
     <span class='ocr_line' id='line_1_26' title="bbox 225 3113 1370 3206; baseline 0.008 -25"><span class='ocrx_word' id='word_1_214' title='bbox 225 3113 376 3182; x_wconf 80' lang='lat' dir='ltr'><strong>Ceterum</strong></span> <span class='ocrx_word' id='word_1_215' title='bbox 408 3117 448 3182; x_wconf 85' lang='lat' dir='ltr'><strong>ed</strong></span> <span class='ocrx_word' id='word_1_216' title='bbox 479 3119 639 3184; x_wconf 91' lang='lat' dir='ltr'><strong>nobilium</strong></span> <span class='ocrx_word' id='word_1_217' title='bbox 673 3120 851 3186; x_wconf 91' lang='lat' dir='ltr'><strong>inlecebras</strong></span> <span class='ocrx_word' id='word_1_218' title='bbox 881 3121 956 3186; x_wconf 85' lang='lat' dir='ltr'><strong>illas</strong></span> <span class='ocrx_word' id='word_1_219' title='bbox 986 3127 1023 3186; x_wconf 93' lang='lat' dir='ltr'><strong>ut</strong></span> <span class='ocrx_word' id='word_1_220' title='bbox 1053 3121 1163 3206; x_wconf 87' lang='lat' dir='ltr'><strong>paucis</strong></span> <span class='ocrx_word' id='word_1_221' title='bbox 1193 3122 1370 3206; x_wconf 89' lang='lat' dir='ltr'><strong>redeamus,</strong></span> 
     </span>
     <span class='ocr_line' id='line_1_27' title="bbox 223 3223 1369 3315; baseline 0.007 -27"><span class='ocrx_word' id='word_1_222' title='bbox 223 3224 384 3288; x_wconf 73' lang='lat' dir='ltr'><strong>Adranam</strong></span> <span class='ocrx_word' id='word_1_223' title='bbox 412 3225 502 3288; x_wconf 90' lang='lat' dir='ltr'><strong>ouius</strong></span> <span class='ocrx_word' id='word_1_224' title='bbox 532 3223 632 3290; x_wconf 88' lang='lat' dir='ltr'><strong>fuerit</strong></span> <span class='ocrx_word' id='word_1_225' title='bbox 661 3225 896 3310; x_wconf 87' lang='lat' dir='ltr'><strong>incompertum</strong></span> <span class='ocrx_word' id='word_1_226' title='bbox 924 3227 1029 3292; x_wconf 90' lang='lat' dir='ltr'><strong>nobis.</strong></span> <span class='ocrx_word' id='word_1_227' title='bbox 1079 3227 1233 3294; x_wconf 81' lang='lat' dir='ltr'><strong>Fortasse</strong></span> <span class='ocrx_word' id='word_1_228' title='bbox 1265 3231 1369 3315; x_wconf 91' lang='lat' dir='ltr'><strong>ipsius</strong></span> 
     </span>
     <span class='ocr_line' id='line_1_28' title="bbox 224 3329 1369 3420; baseline 0.007 -26"><span class='ocrx_word' id='word_1_229' title='bbox 224 3329 399 3414; x_wconf 85' lang='lat' dir='ltr'><strong>Scipionis:</strong></span> <span class='ocrx_word' id='word_1_230' title='bbox 423 3331 474 3395; x_wconf 90' lang='lat' dir='ltr'><strong>cui</strong></span> <span class='ocrx_word' id='word_1_231' title='bbox 498 3331 703 3397; x_wconf 87' lang='lat' dir='ltr'><strong>coniecturae</strong></span> <span class='ocrx_word' id='word_1_232' title='bbox 728 3333 847 3398; x_wconf 89' lang='lat' dir='ltr'><strong>saltem</strong></span> <span class='ocrx_word' id='word_1_233' title='bbox 870 3334 948 3398; x_wconf 91' lang='lat' dir='ltr'><strong>illud</strong></span> <span class='ocrx_word' id='word_1_234' title='bbox 971 3355 1038 3398; x_wconf 90' lang='lat' dir='ltr'><strong>non</strong></span> <span class='ocrx_word' id='word_1_235' title='bbox 1061 3333 1172 3400; x_wconf 87' lang='lat' dir='ltr'><strong>obstat</strong></span> <span class='ocrx_word' id='word_1_236' title='bbox 1194 3337 1280 3420; x_wconf 92' lang='lat' dir='ltr'><strong>quod</strong></span> <span class='ocrx_word' id='word_1_237' title='bbox 1304 3335 1369 3403; x_wconf 92' lang='lat' dir='ltr'><strong>Sci-</strong></span> 
     </span>
     <span class='ocr_line' id='line_1_29' title="bbox 224 3435 1370 3526; baseline 0.006 -26"><span class='ocrx_word' id='word_1_238' title='bbox 224 3435 331 3518; x_wconf 88' lang='lat' dir='ltr'><strong>pionis</strong></span> <span class='ocrx_word' id='word_1_239' title='bbox 353 3437 418 3500; x_wconf 90' lang='lat' dir='ltr'><strong>iam</strong></span> <span class='ocrx_word' id='word_1_240' title='bbox 442 3441 517 3502; x_wconf 88' lang='lat' dir='ltr'><strong>ante</strong></span> <span class='ocrx_word' id='word_1_241' title='bbox 540 3439 665 3503; x_wconf 88' lang='lat' dir='ltr'><strong>mentio</strong></span> <span class='ocrx_word' id='word_1_242' title='bbox 688 3438 777 3504; x_wconf 86' lang='lat' dir='ltr'><strong>facta</strong></span> <span class='ocrx_word' id='word_1_243' title='bbox 799 3445 858 3506; x_wconf 91' lang='lat' dir='ltr'><strong>est.</strong></span> <span class='ocrx_word' id='word_1_244' title='bbox 896 3439 983 3505; x_wconf 90' lang='lat' dir='ltr'><strong>Satis</strong></span> <span class='ocrx_word' id='word_1_245' title='bbox 1003 3441 1089 3505; x_wconf 88' lang='lat' dir='ltr'><strong>enim</strong></span> <span class='ocrx_word' id='word_1_246' title='bbox 1108 3441 1275 3507; x_wconf 88' lang='lat' dir='ltr'><strong>commode</strong></span> <span class='ocrx_word' id='word_1_247' title='bbox 1294 3449 1370 3526; x_wconf 87' lang='lat' dir='ltr'><strong>post</strong></span> 
     </span>
     <span class='ocr_line' id='line_1_30' title="bbox 226 3539 1371 3634; baseline 0.009 -30"><span class='ocrx_word' id='word_1_248' title='bbox 226 3539 424 3624; x_wconf 83' lang='lat' dir='ltr'><strong>Scipionem,</strong></span> <span class='ocrx_word' id='word_1_249' title='bbox 451 3542 598 3628; x_wconf 83' lang='lat' dir='ltr'><strong>Parium,</strong></span> <span class='ocrx_word' id='word_1_250' title='bbox 626 3545 771 3610; x_wconf 88' lang='lat' dir='ltr'><strong>Laelium</strong></span> <span class='ocrx_word' id='word_1_251' title='bbox 801 3547 996 3631; x_wconf 80' lang='lat' dir='ltr'><strong>singillatim</strong></span> <span class='ocrx_word' id='word_1_252' title='bbox 1019 3553 1303 3634; x_wconf 85' lang='lat' dir='ltr'><strong>commemoratae,</strong></span> <span class='ocrx_word' id='word_1_253' title='bbox 1334 3555 1371 3614; x_wconf 92' lang='lat' dir='ltr'><strong>ut</strong></span> 
     </span>
     <span class='ocr_line' id='line_1_31' title="bbox 225 3647 1371 3736; baseline 0.008 -26"><span class='ocrx_word' id='word_1_254' title='bbox 225 3667 305 3730; x_wconf 91' lang='lat' dir='ltr'><strong>qnos</strong></span> <span class='ocrx_word' id='word_1_255' title='bbox 324 3647 358 3712; x_wconf 94' lang='lat' dir='ltr'><strong>in</strong></span> <span class='ocrx_word' id='word_1_256' title='bbox 376 3649 456 3713; x_wconf 89' lang='lat' dir='ltr'><strong>urbe</strong></span> <span class='ocrx_word' id='word_1_257' title='bbox 474 3653 573 3733; x_wconf 86' lang='lat' dir='ltr'><strong>poeta</strong></span> <span class='ocrx_word' id='word_1_258' title='bbox 592 3651 740 3736; x_wconf 82' lang='lat' dir='ltr'><strong>singulos</strong></span> <span class='ocrx_word' id='word_1_259' title='bbox 760 3653 889 3736; x_wconf 89' lang='lat' dir='ltr'><strong>coleret,</strong></span> <span class='ocrx_word' id='word_1_260' title='bbox 911 3656 1027 3736; x_wconf 88' lang='lat' dir='ltr'><strong>quarto</strong></span> <span class='ocrx_word' id='word_1_261' title='bbox 1046 3652 1117 3717; x_wconf 91' lang='lat' dir='ltr'><strong>loco</strong></span> <span class='ocrx_word' id='word_1_262' title='bbox 1136 3653 1247 3718; x_wconf 88' lang='lat' dir='ltr'><strong>inferri</strong></span> <span class='ocrx_word' id='word_1_263' title='bbox 1266 3655 1371 3719; x_wconf 90' lang='lat' dir='ltr'><strong>ouius-</strong></span> 
     </span>
     <span class='ocr_line' id='line_1_32' title="bbox 224 3753 1370 3843; baseline 0.009 -27"><span class='ocrx_word' id='word_1_264' title='bbox 224 3753 306 3817; x_wconf 90' lang='lat' dir='ltr'><strong>libet</strong></span> <span class='ocrx_word' id='word_1_265' title='bbox 341 3753 422 3819; x_wconf 85' lang='lat' dir='ltr'><strong>villa</strong></span> <span class='ocrx_word' id='word_1_266' title='bbox 458 3757 568 3839; x_wconf 89' lang='lat' dir='ltr'><strong>potuit</strong></span> <span class='ocrx_word' id='word_1_267' title='bbox 605 3763 772 3843; x_wconf 86' lang='lat' dir='ltr'><strong>tamquam</strong></span> <span class='ocrx_word' id='word_1_268' title='bbox 809 3781 979 3824; x_wconf 88' lang='lat' dir='ltr'><strong>commune</strong></span> <span class='ocrx_word' id='word_1_269' title='bbox 1020 3759 1198 3824; x_wconf 85' lang='lat' dir='ltr'><strong>amicorum</strong></span> <span class='ocrx_word' id='word_1_270' title='bbox 1238 3760 1370 3826; x_wconf 90' lang='lat' dir='ltr'><strong>illorum</strong></span> 
     </span>
     <span class='ocr_line' id='line_1_33' title="bbox 225 3858 1370 3950; baseline 0.008 -29"><span class='ocrx_word' id='word_1_271' title='bbox 225 3858 368 3923; x_wconf 92' lang='lat' dir='ltr'><strong>omnium</strong></span> <span class='ocrx_word' id='word_1_272' title='bbox 406 3860 660 3929; x_wconf 90' lang='lat' dir='ltr'><strong>conciliabulum</strong></span> <span class='ocrx_word' id='word_1_273' title='bbox 693 3865 874 3950; x_wconf 87' lang='lat' dir='ltr'><strong>voluptatis</strong></span> <span class='ocrx_word' id='word_1_274' title='bbox 907 3865 1166 3950; x_wconf 85' lang='lat' dir='ltr'><strong>deliciarumque.</strong></span> <span class='ocrx_word' id='word_1_275' title='bbox 1221 3864 1310 3942; x_wconf 84' lang='lat' dir='ltr'><strong>Quae</strong></span> <span class='ocrx_word' id='word_1_276' title='bbox 1343 3867 1370 3931; x_wconf 90' lang='lat' dir='ltr'><strong>si</strong></span> 
     </span>
     <span class='ocr_line' id='line_1_34' title="bbox 224 3963 1371 4058; baseline 0.009 -30"><span class='ocrx_word' id='word_1_277' title='bbox 224 3963 308 4028; x_wconf 89' lang='lat' dir='ltr'><strong>ratio</strong></span> <span class='ocrx_word' id='word_1_278' title='bbox 332 3964 417 4030; x_wconf 88' lang='lat' dir='ltr'><strong>inter</strong></span> <span class='ocrx_word' id='word_1_279' title='bbox 440 3987 470 4030; x_wconf 88' lang='lat' dir='ltr'><strong>v.</strong></span> <span class='ocrx_word' id='word_1_280' title='bbox 483 3967 514 4031; x_wconf 79' lang='lat'><strong>2.</strong></span> <span class='ocrx_word' id='word_1_281' title='bbox 533 3967 553 4032; x_wconf 88' lang='lat'><strong>3</strong></span> <span class='ocrx_word' id='word_1_282' title='bbox 578 3973 611 4034; x_wconf 88' lang='lat' dir='ltr'><strong>et</strong></span> <span class='ocrx_word' id='word_1_283' title='bbox 634 3972 698 4036; x_wconf 81' lang='lat' dir='ltr'><strong>r.4</strong></span> <span class='ocrx_word' id='word_1_284' title='bbox 721 3971 895 4036; x_wconf 89' lang='lat' dir='ltr'><strong>intercedit</strong></span> <span class='ocrx_word' id='word_1_285' title='bbox 917 3971 1006 4058; x_wconf 90' lang='lat' dir='ltr'><strong>(nam</strong></span> <span class='ocrx_word' id='word_1_286' title='bbox 1030 3973 1136 4057; x_wconf 90' lang='lat' dir='ltr'><strong>primo</strong></span> <span class='ocrx_word' id='word_1_287' title='bbox 1160 3995 1253 4040; x_wconf 86' lang='lat' dir='ltr'><strong>versu</strong></span> <span class='ocrx_word' id='word_1_288' title='bbox 1277 3995 1371 4058; x_wconf 85' lang='lat' dir='ltr'><strong>gene-</strong></span> 
     </span>
     <span class='ocr_line' id='line_1_35' title="bbox 224 4068 1370 4164; baseline 0.009 -31"><span class='ocrx_word' id='word_1_289' title='bbox 224 4068 338 4154; x_wconf 88' lang='lat' dir='ltr'><strong>ratim,</strong></span> <span class='ocrx_word' id='word_1_290' title='bbox 359 4093 442 4155; x_wconf 89' lang='lat' dir='ltr'><strong>quae</strong></span> <span class='ocrx_word' id='word_1_291' title='bbox 464 4093 522 4156; x_wconf 90' lang='lat' dir='ltr'><strong>per</strong></span> <span class='ocrx_word' id='word_1_292' title='bbox 545 4081 654 4158; x_wconf 86' lang='lat' dir='ltr'><strong>partes</strong></span> <span class='ocrx_word' id='word_1_293' title='bbox 678 4078 880 4162; x_wconf 87' lang='lat' dir='ltr'><strong>explicantur</strong></span> <span class='ocrx_word' id='word_1_294' title='bbox 902 4078 1069 4163; x_wconf 90' lang='lat' dir='ltr'><strong>deinceps,</strong></span> <span class='ocrx_word' id='word_1_295' title='bbox 1097 4081 1370 4164; x_wconf 85' lang='lat' dir='ltr'><strong>comprehendun-</strong></span> 
     </span>
     <span class='ocr_line' id='line_1_36' title="bbox 225 4173 1371 4270; baseline 0.01 -31"><span class='ocrx_word' id='word_1_296' title='bbox 225 4173 308 4260; x_wconf 87' lang='lat' dir='ltr'><strong>tur),</strong></span> <span class='ocrx_word' id='word_1_297' title='bbox 341 4177 440 4242; x_wconf 88' lang='lat' dir='ltr'><strong>etiam</strong></span> <span class='ocrx_word' id='word_1_298' title='bbox 468 4179 597 4264; x_wconf 89' lang='lat' dir='ltr'><strong>planius</strong></span> <span class='ocrx_word' id='word_1_299' title='bbox 629 4183 834 4270; x_wconf 82' lang='lat' dir='ltr'><strong>intellegitur</strong></span> <span class='ocrx_word' id='word_1_300' title='bbox 861 4207 959 4268; x_wconf 85' lang='lat' dir='ltr'><strong>quam</strong></span> <span class='ocrx_word' id='word_1_301' title='bbox 987 4209 1006 4250; x_wconf 90' lang='lat' dir='ltr'><strong>a</strong></span> <span class='ocrx_word' id='word_1_302' title='bbox 1032 4186 1170 4250; x_wconf 84' lang='lat' dir='ltr'><strong>veritate</strong></span> <span class='ocrx_word' id='word_1_303' title='bbox 1199 4186 1371 4252; x_wconf 89' lang='lat' dir='ltr'><strong>abhorreat</strong></span> 
     </span>
     <span class='ocr_line' id='line_1_37' title="bbox 225 4279 1371 4376; baseline 0.011 -31"><span class='ocrx_word' id='word_1_304' title='bbox 225 4279 390 4348; x_wconf 83' lang='lat' dir='ltr'><strong>Rotbiana</strong></span> <span class='ocrx_word' id='word_1_305' title='bbox 417 4285 517 4369; x_wconf 88' lang='lat' dir='ltr'><strong>ratio,</strong></span> <span class='ocrx_word' id='word_1_306' title='bbox 549 4288 605 4372; x_wconf 91' lang='lat' dir='ltr'><strong>qui</strong></span> <span class='ocrx_word' id='word_1_307' title='bbox 633 4290 704 4372; x_wconf 89' lang='lat' dir='ltr'><strong>ipso</strong></span> <span class='ocrx_word' id='word_1_308' title='bbox 732 4295 848 4376; x_wconf 86' lang='lat' dir='ltr'><strong>quarto</strong></span> <span class='ocrx_word' id='word_1_309' title='bbox 871 4313 966 4356; x_wconf 85' lang='lat' dir='ltr'><strong>versu</strong></span> <span class='ocrx_word' id='word_1_310' title='bbox 995 4291 1164 4374; x_wconf 90' lang='lat' dir='ltr'><strong>apodosim</strong></span> <span class='ocrx_word' id='word_1_311' title='bbox 1188 4293 1258 4356; x_wconf 89' lang='lat' dir='ltr'><strong>fieri</strong></span> <span class='ocrx_word' id='word_1_312' title='bbox 1281 4313 1371 4376; x_wconf 87' lang='lat' dir='ltr'><strong>prae-</strong></span> 
     </span>
     <span class='ocr_line' id='line_1_38' title="bbox 225 4389 1257 4480; baseline 0.01 -28"><span class='ocrx_word' id='word_1_313' title='bbox 225 4389 399 4455; x_wconf 87' lang='lat' dir='ltr'><strong>missarum</strong></span> <span class='ocrx_word' id='word_1_314' title='bbox 422 4394 603 4476; x_wconf 86' lang='lat' dir='ltr'><strong>protasium</strong></span> <span class='ocrx_word' id='word_1_315' title='bbox 627 4395 691 4460; x_wconf 91' lang='lat' dir='ltr'><strong>sibi</strong></span> <span class='ocrx_word' id='word_1_316' title='bbox 714 4398 875 4480; x_wconf 85' lang='lat' dir='ltr'><strong>persuasit</strong></span> <span class='ocrx_word' id='word_1_317' title='bbox 897 4418 1029 4480; x_wconf 83' lang='lat' dir='ltr'><strong>prorsus</strong></span> <span class='ocrx_word' id='word_1_318' title='bbox 1053 4397 1257 4462; x_wconf 88' lang='lat' dir='ltr'><strong>mirabiliter.</strong></span> 
     </span>
     <span class='ocr_line' id='line_1_39' title="bbox 314 4493 1370 4590; baseline 0.011 -30"><span class='ocrx_word' id='word_1_319' title='bbox 314 4493 391 4578; x_wconf 79' lang='lat' dir='ltr'><strong>Peg.</strong></span> <span class='ocrx_word' id='word_1_320' title='bbox 405 4497 505 4580; x_wconf 76' lang='lat' dir='ltr'><strong>206,b</strong></span> <span class='ocrx_word' id='word_1_321' title='bbox 524 4502 579 4586; x_wconf 90' lang='lat' dir='ltr'><strong>qui</strong></span> <span class='ocrx_word' id='word_1_322' title='bbox 593 4503 774 4587; x_wconf 86' lang='lat' dir='ltr'><strong>insequitur</strong></span> <span class='ocrx_word' id='word_1_323' title='bbox 787 4527 911 4590; x_wconf 82' lang='lat' dir='ltr'><strong>versus,</strong></span> <span class='ocrx_word' id='word_1_324' title='bbox 929 4505 963 4569; x_wconf 93' lang='lat' dir='ltr'><strong>in</strong></span> <span class='ocrx_word' id='word_1_325' title='bbox 977 4503 1125 4570; x_wconf 89' lang='lat' dir='ltr'><strong>Parisino</strong></span> <span class='ocrx_word' id='word_1_326' title='bbox 1140 4505 1217 4570; x_wconf 89' lang='lat' dir='ltr'><strong>talis</strong></span> <span class='ocrx_word' id='word_1_327' title='bbox 1232 4511 1295 4572; x_wconf 87' lang='lat' dir='ltr'><strong>est:</strong></span> <span class='ocrx_word' id='word_1_328' title='bbox 1312 4509 1370 4572; x_wconf 75' lang='lat' dir='ltr'><strong>ra</strong></span> 
     </span>
     <span class='ocr_line' id='line_1_40' title="bbox 1106 4605 1159 4664; baseline 0.038 -2"><span class='ocrx_word' id='word_1_329' title='bbox 1106 4605 1159 4664; x_wconf 76' lang='lat' dir='ltr'><strong>rs·</strong></span> 
     </span>
    </p>
   </div>
   <div class='ocr_carea' id='block_1_3' title="bbox 0 0 1647 5114">
    <p class='ocr_par' dir='ltr' id='par_1_3' title="bbox 0 0 1647 5114">
     <span class='ocr_line' id='line_1_41' title="bbox 0 0 1647 5114; baseline 0 0"><span class='ocrx_word' id='word_1_330' title='bbox 0 0 1647 5114; x_wconf 95' lang='lat' dir='ltr'><strong> </strong></span> 
     </span>
    </p>
   </div>
  </div>
 </body>
</html>
