3258 5102
391 317 507 364 nnana
530 279 880 363 n1aunn's'4nnncrn
904 313 971 361 nus
997 312 1021 359 1.
1035 313 1159 362 nuens.
1282 296 1346 362 631

289 460 352 526 Hic
374 461 496 546 placet,
520 459 668 545 angustis
692 458 777 544 quod
801 480 918 544 equum
942 457 1119 543 compescit
1143 456 1294 522 habenis:

333 567 395 632 Hic
418 565 578 651 placidam
601 566 696 630 niveo
719 569 849 650 pectore
871 563 967 648 pellit
990 585 1116 649 aquam.

288 673 365 758 Hic,
388 673 465 758 quia
487 671 583 736 fortis
607 671 701 738 adest
724 670 874 754 audacia,
898 671 1001 755 cepit:
1026 675 1061 735 at
1084 670 1133 734 illi

333 781 508 865 Virgineus
532 781 658 844 teneras
682 781 748 843 stat
771 777 875 862 pudor
898 782 973 842 ante
996 797 1106 862 genas.

204 889 244 954 15
289 890 351 972 Tu,
373 910 473 974 puero
498 887 720 973 quodcumque
743 889 800 954 tuo
824 889 950 951 tentare
973 886 1101 969 libebit,
1312 905 1346 954 39

334 995 450 1063 Cedas:
474 994 630 1080 obsequio
653 992 794 1078 plurima
817 993 920 1059 vincit
943 1015 1044 1058 amor.
1312 1012 1347 1060 40

287 1102 338 1168 Ne
362 1125 468 1168 comes
491 1102 538 1165 ire
561 1121 674 1187 neges,
697 1099 845 1186 quamvis
870 1100 922 1164 via
944 1100 1043 1185 longa
1065 1102 1199 1184 paretur

331 1209 377 1274 Et
399 1209 489 1274 canis
513 1209 619 1273 arenti
642 1211 766 1273 torreat
789 1229 867 1272 arva
890 1207 960 1292 siti,

289 1317 442 1395 Quamvis
465 1319 657 1401 praetexens
681 1315 773 1400 picea
796 1315 959 1401 ferrugine
982 1314 1107 1380 caelum

199 1425 242 1490 20
332 1423 512 1490 Venturam
536 1423 690 1488 admittat
712 1422 865 1489 nimbifer
887 1421 993 1487 nnus
1018 1444 1146 1506 aquam.

291 1530 353 1596 Vel
377 1531 405 1594 si
428 1531 593 1596 caeruleas
616 1529 717 1616 puppi
742 1529 829 1594 volet
852 1528 898 1592 ire
921 1549 979 1612 per
1001 1527 1118 1612 undas,

322 1621 405 1722 'Ipse
428 1637 532 1702 levem
555 1659 643 1701 remo
667 1659 724 1720 per
747 1636 830 1700 freta
852 1635 938 1720 pelle
962 1637 1076 1700 ratem.

287 1743 355 1810 Nec
379 1747 410 1808 te
432 1743 599 1828 paeniteat
622 1743 719 1808 duros
743 1742 880 1807 subiisse
903 1741 1033 1807 labores

331 1853 399 1917 Aut
422 1873 522 1935 opera
545 1849 691 1914 insuetas
715 1849 885 1915 atteruiase
909 1872 1040 1916 manus:

197 1961 241 2025 25
286 1957 369 2042 Nec,
392 1957 472 2023 velit
494 1957 620 2023 insidiis
644 1957 728 2022 altus
752 1956 779 2021 si
803 1955 949 2020 claudere
974 1957 1085 2042 valles,

330 2063 416 2130 Dum
440 2065 583 2150 placeas,
606 2064 709 2129 umeri
732 2065 814 2130 retia
836 2063 919 2128 ferre
942 2067 1071 2149 negent.

286 2171 321 2240 Si
345 2173 432 2240 volet
455 2195 558 2258 arma,
581 2173 645 2238 levi
667 2171 811 2238 tentabis
834 2171 945 2236 ludere
968 2171 1096 2236 dextra:

331 2279 432 2365 Saepe
456 2280 548 2346 dabis
571 2279 707 2363 nudum,
729 2279 840 2344 vincat
863 2281 900 2342 ut
923 2277 991 2361 ille,
1013 2277 1109 2343 latus.

204 2383 209 2392 ’
287 2387 378 2452 Tunc
400 2387 461 2451 tibi
485 2386 574 2451 mitis
597 2385 674 2470 erit,
697 2385 807 2470 rapias
830 2388 900 2450 tum
924 2406 1000 2449 cara
1023 2385 1137 2450 licebit

103 2516 108 2525 ·
197 2493 240 2558 30
330 2492 462 2558 Oscula:
485 2492 657 2578 pugnabit,
681 2491 737 2558 sed
761 2495 870 2556 tamen
893 2493 971 2575 apta
994 2491 1094 2558 dabit.

285 2599 394 2685 Rapta
416 2599 507 2665 dabit
528 2600 649 2684 primo,
672 2621 748 2664 mox
772 2599 885 2664 offeret
907 2599 977 2683 ipse
1000 2602 1146 2685 roganti:

329 2707 410 2772 Post
432 2706 532 2772 etiam
556 2707 641 2772 collo
665 2729 699 2771 se
723 2705 921 2790 implicuisse
944 2707 1040 2772 volet.

286 2813 461 2878 Blanditiis
485 2813 555 2878 vult
578 2835 649 2878 esse
672 2813 780 2878 locum
804 2811 914 2878 Venus
939 2813 1023 2897 ipsa:
1048 2815 1202 2898 querellis

330 2918 552 3006 Supplicibus,
576 2919 704 2986 miseris
728 2919 858 2984 fletibus
882 2919 941 2985 illa
964 2921 1063 2986 favet.

197 3029 240 3094 35
285 3027 354 3094 Nec
377 3027 482 3092 iurare
505 3027 597 3091 time:
622 3025 757 3093 Veneris
780 3025 924 3110 periuria
947 3027 1033 3092 venti

328 3133 428 3200 Irrita
451 3155 509 3218 per
532 3137 636 3198 terras
660 3138 694 3198 et
716 3132 799 3198 freta
822 3156 948 3198 summa
969 3133 1087 3200 ferunt.

285 3240 399 3306 Gratia
422 3260 541 3326 magns
562 3239 645 3306 Iovi:
668 3239 773 3304 vetuit
795 3243 888 3324 pater
910 3241 981 3324 ipse
1004 3241 1127 3326 valere,

328 3347 474 3414 Iurasset
496 3347 610 3431 cupide
634 3347 788 3432 quidquid
811 3347 942 3431 ineptus
966 3369 1073 3412 arnor:

284 3455 408 3539 Perque
432 3476 506 3517 suas
529 3453 660 3536 i'rnpnne
685 3455 765 3518 sinit
787 3453 953 3538 Dictynna
976 3455 1114 3541 sagittas
1304 3475 1337 3524 at

195 3562 239 3625 40
329 3558 495 3642 Affirmes,
518 3559 621 3625 crines
645 3581 764 3644 perque
787 3558 935 3626 Minerva
957 3583 1042 3627 suos.

285 3667 347 3733 Sed
370 3690 411 3731 ne
434 3670 467 3732 te
490 3666 635 3751 capiant,
657 3667 764 3751 primo
787 3667 815 3731 si
839 3668 923 3732 forte
945 3668 1095 3754 negabit,
1307 3693 1340 3743 15

197 3903 228 3952 17
248 3898 292 3953 Nc
309 3897 353 3951 fur
371 3897 444 3962 Neu,
461 3913 519 3951 was
538 3895 587 3952 das
606 3896 928 3952 Gadanlrenverhsltniss
946 3895 1138 3954 zurdclrwaist.

195 3993 229 4042 20
247 3987 378 4053 nimbifcr
406 3986 459 4040 mit
485 3986 648 4041 Heinsius
676 3987 721 4041 ffir
745 3987 795 4042 das
824 3987 957 4042 metriscb
985 3987 1172 4043 unstatthalts
1199 3989 1338 4058 imhrifm

248 4077 346 4132 Ernus
373 4077 402 4144 (s.
428 4075 608 4132 Huschke's
631 4077 716 4144 Note)
745 4077 815 4132 statt
838 4093 932 4142 crass,
961 4093 1018 4130 was
1041 4092 1078 4130 an
1101 4075 1161 4131 sich
1183 4079 1338 4150 untadelig‚

248 4165 320 4221 doch
339 4165 392 4219 mit
410 4165 513 4220 calam
530 4164 560 4220 in
578 4164 669 4220 dieser
687 4165 870 4238 Verbindung
888 4165 968 4220 nicht
984 4166 1164 4238 vertraglich.

194 4262 228 4311 24
241 4272 329 4325 opera
352 4254 394 4308 als
413 4254 528 4311 Ablativ
552 4273 586 4310 au
608 4256 744 4322 tammus,
766 4257 845 4312 nicht
868 4258 941 4311 etwa
958 4256 1011 4310 mit
1029 4255 1151 4312 Dissen
1168 4257 1198 4311 in
1216 4263 1338 4315 bussemt

246 4343 447 4416 ungefdlligem
462 4344 793 4401 Constructionswechsel
806 4345 848 4400 als
862 4345 1032 4402 Nominativ.
1060 4345 1133 4402 Vom
1146 4345 1242 4402 Plural
1255 4363 1337 4422 opera

247 4437 317 4494 lasa
335 4432 394 4490 sich
413 4433 499 4490 kaum
518 4433 664 4492 Gabrauch
682 4436 808 4494 macheu.
