3294 5104
493 409 732 470 stasrrouas
757 407 1088 457 ououaronoercxu.
1299 391 1361 456 321

265 553 506 618 evidentissimo
530 553 662 617 invento
680 551 908 618 Fleckeissnus
931 575 948 616 e
968 552 1124 616 librorum
1143 551 1299 615 memoria
1318 551 1365 615 in-

264 658 393 723 tellexit
429 659 564 723 duamm
602 659 784 724 litterarum
816 659 1069 743 transpositione
1102 659 1216 723 Inrrcio
1246 679 1364 722 nornen

267 765 471 830 efficiendum
499 788 582 830 esse:
611 788 674 851 quo
703 788 775 832 eum
804 765 946 830 fortasse
972 765 1013 829 ad
1042 766 1176 830 lurconis
1198 766 1366 830 notionem

266 872 367 937 alludi
390 871 489 936 vellet
511 877 615 956 poeta,
636 873 735 938 simul
758 876 868 937 tamen
886 893 1038 957 graecum
1056 871 1180 937 fontem
1199 874 1368 956 praestant

266 980 388 1058 Λύρκο(
420 981 453 1043 et
480 979 614 1057 Λυρκίαε
647 979 780 1044 nomina
811 1002 892 1064 quae
922 979 1022 1044 habes
1056 979 1141 1062 apud
1169 978 1307 1062 Papium
1335 982 1368 1042 et

267 1086 484 1152 Benselerum.
523 1085 690 1166 [Conferaa
709 1108 795 1151 nunc
811 1085 1054 1152 Fleckeisenum
1073 1087 1178 1170 ipsum
1197 1087 1232 1150 in
1251 1086 1366 1150 Annal.

266 1193 378 1278 philol.
401 1197 480 1257 tom.
504 1188 545 1256 Ol
569 1189 686 1278 (1870)
709 1215 739 1277 p.
764 1194 829 1258 846
849 1195 907 1278 sq.]

223 1301 433 1380 Λυείδαμοι
456 1296 950 1384 Lysidamus(uvs1nxavs):
975 1321 1071 1364 senex
1091 1297 1256 1365 Gasiuae.'
1275 1297 1367 1364 Senis

268 1409 353 1473 euim
371 1408 407 1472 in
425 1406 486 1471 hac
505 1405 618 1470 fabula
636 1406 721 1491 quod
738 1405 842 1472 fertur
860 1429 979 1472 nomen
993 1407 1154 1491 Statirae,
1173 1406 1206 1470 id
1223 1407 1367 1472 nondum

267 1516 419 1580 inventus
448 1517 497 1578 est
524 1513 593 1598 qui,
621 1513 711 1578 cuius
738 1513 870 1579 taudem
896 1513 1067 1597 prosapiae
1090 1514 1220 1579 cuiusve
1243 1513 1368 1578 farinae

269 1644 338 1686 esse
365 1621 537 1706 videretur,
565 1621 674 1705 aliqua
701 1642 774 1686 cunr
802 1621 1036 1706 probabilitate
1061 1619 1270 1685 coniectando
1295 1641 1367 1703 ape-

268 1731 354 1794 riret.
388 1727 474 1793 Nam
493 1751 583 1793 mera
602 1728 729 1792 somnia
748 1749 827 1812 esse,
846 1749 919 1805 cum
939 1727 977 1791 de
997 1725 1093 1805 (τάλη
1108 1725 1316 1810 Hesychiano
1336 1730 1369 1790 et

268 1836 342 1900 inde
364 1835 452 1900 facto
476 1836 639 1920 trctnvdc,
662 1835 738 1900 hinc
761 1839 869 1901 autem
888 1834 985 1899 ducto
1005 1833 1177 1912 (ταληνών
1200 1831 1230 1896 Ιι.
1251 1853 1276 1896 e.
1299 1831 1369 1896 sra-

270 1943 333 2007 liao
350 1939 529 2007 Salmasius
548 1943 725 2028 cogitabat,
744 1965 809 2008 non
827 1941 912 2027 fugit
931 1940 1075 2025 profecto
1096 1940 1147 2005 vel
1166 1960 1299 2024 graecae
1317 1938 1369 2004 vel

268 2049 391 2114 latinae
415 2050 647 2134 grammaticae
670 2049 876 2115 mediocriter
897 2049 1029 2133 peritos.
1075 2046 1146 2123 Quo
1169 2047 1273 2111 multo
1295 2068 1369 2110 con·

269 2157 387 2221 sultius
407 2154 612 2222 Camerarius
632 2155 765 2222 ‘Staltao
789 2157 844 2242 qui
864 2155 918 2221 sit’
938 2155 1045 2241 inquit
1064 2153 1133 2219 ‘aut
1152 2155 1236 2219 unde
1255 2155 1370 2232 factus,

269 2263 374 2328 fateor
397 2287 448 2330 me
470 2264 634 2350 ignorare3
658 2268 707 2329 est
730 2264 864 2330 verbum
888 2265 1018 2346 (τέλλω,
1041 2265 1092 2326 est
1110 2261 1232 2345 aliquid
1251 2261 1370 2326 crolle:

270 2371 325 2434 sed
354 2371 408 2435 ille
432 2371 594 2436 (ταλίνων
622 2370 717 2454 quis?
750 2391 941 2454 quaeramus
965 2366 1087 2452 igitur?
1134 2367 1370 2444 Quaerentibus

270 2482 378 2541 autem
406 2478 546 2561 primum
575 2477 719 2542 omniurn
746 2476 910 2541 sciendum
941 2478 991 2540 est
1013 2474 1064 2538 bis
1087 2477 1216 2538 tanturn
1239 2495 1298 2558 per
1320 2477 1369 2539 to·

269 2587 337 2647 tam
365 2584 510 2649 fabulam
539 2584 625 2648 renis
653 2605 772 2649 nomeu
799 2583 948 2647 relictum
971 2603 1041 2646 essa
1064 2581 1099 2645 in
1121 2578 1239 2645 Vetere
1263 2580 1371 2646 codice

270 2689 365 2773 idque
397 2689 432 2754 iu
460 2690 727 2773 inscriptionibus
756 2711 945 2754 scaenarum
968 2687 1014 2771 II,
1042 2689 1063 2753 3
1092 2692 1125 2752 et
1152 2687 1272 2771 111,3:
1304 2688 1371 2752 illic

270 2796 399 2880 quidem
415 2795 612 2860 STALITIO
628 2793 1059 2881 anux‚hiesuAL1010
1073 2792 1232 2858 SENEX:
1246 2798 1371 2858 ceterae

271 2905 357 2966 euim
380 2902 609 2986 inscriptiones
628 2924 740 2968 omnes
754 2903 837 2967 nihil
852 2902 917 2966 nisi
933 2899 1078 2966 SENEX
1093 2903 1234 2966 servant.
1266 2899 1371 2964 Huius

272 3015 380 3074 autam
402 3010 542 3074 nominis
562 3009 720 3094 originem
740 3010 809 3094 ipse
824 3008 928 3074 Vetus
947 3007 1046 3074 codex
1066 3009 1227 3072 monstrat
1245 3027 1372 3070 versum

155 3099 159 3106 ¹
270 3113 310 3200 V,
324 3116 354 3199 3,
370 3116 420 3200 16,
433 3119 471 3180 ut
484 3115 600 3200 Opuse.
610 3115 643 3179 Il
657 3139 688 3199 p.
698 3116 764 3180 244
778 3115 854 3200 dixi,
868 3115 967 3180 talem
982 3113 1150 3179 exhibens:
1169 3113 1241 3176 Etsi
1254 3113 1372 3177 malum

270 3224 370 3288 merui
391 3222 449 3288 bac
471 3221 548 3288 dabo
565 3224 727 3305 protinam
750 3222 925 3308 etsarpicm.
1013 3219 1088 3284 bars
1104 3219 1224 3284 areticio
1243 3225 1373 3284 amator.

271 3328 356 3394 Hinc
381 3330 467 3394 enim
484 3351 544 3395 neo
562 3330 630 3394 ullo
651 3329 716 3394 alio
735 3351 752 3394 e
770 3329 870 3413 fonto,
890 3327 1035 3414 quisquis
1054 3325 1127 3408 fuit,
1151 3327 1236 3392 se'nis
1255 3349 1373 3392 nomeu

272 3436 425 3502 haustum
444 3436 592 3522 singulis,
610 3437 645 3500 in
664 3436 780 3520 quibus
802 3435 891 3499 illius
910 3437 1020 3518 partes
1039 3435 1125 3516 sunt,
1144 3434 1269 3499 scaenis
1285 3456 1373 3518 prae-

273 3545 418 3628 scripsit,
452 3543 534 3608 nihil
567 3543 605 3606 de
638 3542 811 3608 manifesta
843 3539 1027 3624 corruptela
1059 3540 1242 3626 suspicatus
1277 3563 1373 3625 quam

273 3650 482 3715 Ambrosiani
510 3649 630 3716 codicis
659 3649 820 3732 scriptura
845 3647 919 3713 beas
947 3653 997 3712 stc
1018 3647 1089 3713 ilico
1112 3652 1234 3712 amaror
1256 3647 1375 3730 prodit,

273 3755 481 3823 Recentiores
512 3761 621 3823 autern
648 3759 722 3822 octo
745 3755 929 3820 fabularum
952 3754 1097 3839 priorum
1121 3751 1246 3817 codices
1269 3754 1374 3835 prole·

272 3863 373 3927 tarius
397 3885 470 3928 curn
494 3869 618 3930 certum
641 3864 686 3930 sit
709 3885 746 3928 ex
771 3862 946 3946 archetypo
969 3861 1100 3926 fluxisse
1118 3856 1248 3923 Veteris
1273 3859 1374 3936 simil-

273 3969 366 4049 limo,
399 3973 535 4054 proclivi
568 3965 676 4038 errore
708 3971 798 4036 velut
830 3992 847 4034 e
875 3967 1076 4034 susurrio
1109 3967 1269 4050 scriptura
1296 3967 1373 4030 oriri

274 4074 462 4142 STALINO
486 4079 607 4162 potuit,
637 4078 669 4142 id
694 4077 778 4163 quod
801 4076 935 4140 transiit
961 4075 996 4139 iri
1023 4073 1179 4139 editiones
1207 4073 1298 4156 typis
1322 4094 1375 4134 ex·

273 4205 412 4267 pressas.
457 4183 664 4270 Intellegitur
691 4185 769 4250 hine
792 4183 918 4248 codices
941 4181 1109 4245 Palatinos
1134 4203 1172 4244 ex
1197 4177 1375 4261 archetypo

275 4289 385 4374 aliquo
408 4290 522 4356 ductos
546 4311 625 4373 esse,
650 4289 705 4374 qui
727 4309 940 4374 personarum
959 4285 1129 4368 indicibus,
1153 4284 1265 4368 quales
1284 4305 1375 4367 prae-

274 4397 361 4462 mitti
377 4397 514 4482 singulis
534 4397 658 4462 scaenis
679 4397 767 4460 soliti
787 4399 871 4476 sunt,
890 4395 947 4458 aut
966 4390 1096 4457 omnino
1112 4395 1168 4455 aut
1183 4389 1375 4474 quibusdam

275 4503 310 4568 in
338 4505 419 4570 locis
449 4507 586 4588 careret,
615 4504 682 4568 sive
706 4523 744 4566 ea
768 4501 914 4567 vacuitas
937 4519 995 4582 per
1019 4517 1130 4561 omues
1154 4496 1284 4561 fabulas
1307 4497 1376 4561 sive

283 4625 324 4661 ra.
339 4626 488 4663 arraonamr
502 4627 635 4666 orvsovns
649 4627 689 4662 ιιι.
1127 4607 1160 4656 21
