3294 5104
477 409 719 470 ovausrrouas
744 407 1080 457 ouonnnonooicau.
1290 387 1355 454 303

770 572 798 635 1.

489 711 847 780 ONOMATOLOGVS
871 709 1071 779 OOMIOVS.

207 873 441 956 Ἀβρότονον
468 873 722 940 Abrotonum:
751 875 881 958 mulier,
907 895 923 938 e
947 873 1078 938 comicis
1104 871 1356 937 commemorata

250 983 419 1048 Prisciano
452 980 483 1045 V
513 1005 543 1065 p.
567 981 633 1046 644
647 981 682 1046 Ρ.
711 981 789 1066 (148
804 978 874 1067 Η.),
906 980 954 1045 VI
981 1003 1011 1064 p.
1035 981 1099 1046 688
1128 974 1230 1064 (215).
1279 974 1356 1041 Non

252 1089 359 1153 minus
381 1091 471 1154 certa
493 1089 599 1154 forma
621 1089 867 1170 Ἀβροτόνιον
890 1087 1147 1153 Abrotouium
1171 1085 1256 1169 apud
1279 1105 1355 1147 eun·

252 1196 325 1260 dem
349 1193 551 1282 (quitantur)
575 1195 816 1261 desecantibus
840 1218 871 1279 p.
887 1193 973 1259 1292
996 1191 1075 1278 (523
1090 1190 1158 1276 K.,)
1182 1191 1261 1256 item
1275 1192 1355 1257 locis

256 1307 331 1367 ante
364 1303 536 1387 scriptis
526 1325 560 1368 1n
583 1307 677 1386 parte
710 1303 871 1386 codicum,
906 1294 1026 1367 collato
1058 1298 1236 1364 Menandro
1270 1298 1355 1426 apud

253 1408 450 1476 Meinakium
475 1409 564 1477 Com.
587 1414 611 1476 t.
633 1409 734 1494 IVp
758 1411 832 1476 300.

208 1515 532 1597 *Ἀγοραετοκλῆε
561 1517 731 1603 Agorast
717 1516 854 1582 toules:
884 1514 1072 1580 adulescens
1099 1513 1233 1578 Poenuli
1262 1488 1356 1578 Plau-

255 1623 352 1688 tinae.

208 1728 481 1810 *Ἀδελφάειον
505 1699 785 1815 Adelphasium
809 1725 1085 1816 (ADELPASIVM):
1108 1729 1259 1794 meretrix
1278 1727 1356 1793 Poc-

253 1836 332 1901 nuli.
378 1836 426 1903 Cf.
455 1837 609 1903 Lobcclrii
637 1837 766 1904 Pathol.
796 1839 918 1925 proleg.
950 1861 980 1922 p.
1004 1836 1079 1902 435.
1114 1833 1175 1917 [cf.
1199 1835 1356 1919 κοράειον,

253 1943 556 2024 Philocomasium].

209 2050 384 2129 Αἰεχίνη(
407 2050 627 2116 Aeschinus
652 2050 871 2137 (Anscmvs):
895 2051 1082 2116 adulescens
1106 2048 1279 2134 Adelphon
1296 2047 1355 2112 Te-

253 2156 490 2241 rentianae3-
511 2157 676 2241 trapezita,
698 2158 853 2224 Pseuduli
876 2158 919 2238 ΙΙ,
932 2159 963 2242 4,
978 2160 1018 2223 67
1044 2155 1209 2244 (757)st
1224 2155 1355 2239 ‘Hypo-

254 2263 434 2328 bolimacus
458 2261 656 2328 Aeschinus'
684 2265 797 2330 fabula
824 2263 1034 2345 Caeciliilcf.
1061 2263 1162 2346 praef.
1190 2262 1356 2344 Parergon

253 2393 284 2453 p.
293 2369 380 2450 XV]
411 2368 572 2434 Matutam
591 2371 852 2435 terminationem
869 2370 979 2454 tetigit
995 2373 1071 2453 post
1086 2368 1167 2432 alios
1185 2364 1356 2432 (Alledius

255 2475 349 2540 Anal.
374 2476 476 2562 epigr.
499 2479 533 2540 et
555 2497 661 2540 onom.
684 2499 714 2560 p.
738 2477 802 2540 226
827 2476 898 2542 adn.
914 2478 943 2541 3.
989 2473 1058 2541 Nec
1078 2475 1164 2539 enim
1183 2475 1222 2538 de
1246 2473 1357 2556 aliqua

255 2581 399 2662 Aicxsvoc
427 2580 478 2668 (ut
504 2580 657 2669 Εὔτυχος)
685 2583 792 2647 forma
818 2583 993 2668 quidquam
1020 2585 1156 2648 constat.
1205 2579 1280 2647 Non
1310 2579 1356 2642 in-

255 2689 404 2774 frequens
427 2711 546 2754 nomcn
570 2689 668 2753 ctiam
691 2689 725 2753 in
748 2689 910 2773 lapidibus
933 2689 1053 2754 latinis.

211 2795 477 2876 *Aitxpotuipc
491 2794 764 2861 Aesohrodora
778 2793 1062 2883 (Auscaonoas):
1084 2793 1245 2871 meretrix,
1259 2790 1356 2855 Pseu-

256 2903 322 2967 duli
346 2903 370 2986 1,
394 2904 424 2986 2,
447 2903 490 2967 62
514 2900 619 2990 (196).

117 3007 130 3026 ”
213 3009 441 3074 *Ἀκανθίων
473 3007 665 3075 Acanthio
699 3006 905 3096 (Acnnrlolz
937 3031 1048 3073 servus
1079 3007 1279 3073 Mercatoris.
1309 3005 1357 3071 Of.

256 3116 422 3182 Ἄκανθος.

213 3221 523 3302 *Ἀκροπολιετίε
546 3221 825 3308 Acropolistis:
855 3225 994 3307 fidicina,
1017 3222 1147 3308 Epidici
1170 3220 1229 3305 ΙΠ,
1251 3222 1282 3304 4,
1305 3221 1357 3285 43.
1484 3245 1485 3248 “

257 3331 310 3414 67,
333 3329 451 3413 quibus
474 3329 555 3392 locis
584 3331 806 3412 cropolistidcm
831 3331 988 3416 scriptum
1012 3330 1046 3393 in
1069 3327 1201 3410 Vetere3
1228 3364 1265 3373 -
1291 3327 1359 3392 filia

256 3435 449 3519 Periphanis
468 3435 545 3499 ibid.
565 3435 623 3519 lv,
645 3437 672 3518 1,
695 3436 748 3520 41,
766 3438 822 3501 ubi
844 3437 1021 3501 Telestidem
1044 3433 1261 3519 Camerarius,
1284 3435 1359 3499 Huc

260 3542 437 3606 Telestiden
460 3539 534 3629 (pro
558 3540 826 3626 Acropolistidem)
850 3543 996 3607 Iacobus.
1040 3543 1044 3552 '

213 3647 550 3728 *Ἀκροτελεύτιον
568 3639 894 3740 Acroteleutium:
913 3651 1063 3716 meretrix
1084 3649 1200 3715 Militis
1214 3648 1358 3734 gloriosi.

213 3755 381 3834 *Ἁλίεκη
405 3755 578 3821 Halisca:
602 3757 722 3821 ancilla
745 3753 955 3820 Cistellariac.

213 3859 532 3940 *Ἀλκηεὶμαρχοε
565 3861 880 3928 Alcesimarchus
913 3859 1238 3949 (Anousruuncvsp
1281 3861 1357 3926 adn-

257 3967 382 4032 leseens
406 3965 621 4054 Cistellariae,
655 3971 711 4035 ubi
738 3969 773 4034 in
795 3967 914 4035 Vetere
942 3973 1129 4035 constanter
1157 3973 1208 4034 est
1235 3968 1358 4034 chimi-

258 4075 407 4139 nrarchus.
445 4073 506 4154 [Of.
531 4077 771 4157 Knllipcpxoc]

214 4179 455 4260 *Ἀλκήειμοε
480 4180 710 4248 Alcesimus:
735 4205 831 4248 senex
855 4182 1002 4249 Casinas.

214 4285 457 4367 *Ἀμπελίεκη
491 4286 724 4372 Ampelisca:
763 4289 1073 4394 mulierlludentis.
1126 4285 1357 4371 01Αμπελίε,

258 4395 411 4460 meretrix
435 4394 521 4478 apud
543 4393 730 4458 Lucienum.

214 4499 395 4580 *Ἄνθραξ
420 4501 594 4566 Anthrax
618 4498 808 4586 (Asunixp
833 4521 927 4564 cocus
951 4498 1149 4564 Aululariae.
