3258 5102
256 402 259 408 ’
318 411 383 482 596
521 433 806 485 Εκκκυκκκοκκκ
830 433 1129 485 ourvnuraulavn
1151 432 1260 485 rans.

287 577 373 642 oilla
400 583 572 662 tempestate
598 599 658 661 ereo
686 583 828 661 tempore,
860 581 911 645 vel
944 581 998 646 illo
1030 586 1161 664 tempore
1187 601 1250 664 qua
1281 585 1472 669 tempestate.

314 683 384 750 Nec
406 687 551 770 profecto
572 686 739 771 minuitur,
763 687 819 752 sed
839 691 976 773 augetur
999 688 1175 754 insolentia
1198 689 1365 772 sermonis,
1390 711 1470 753 eum

316 793 437 858 omissa
455 794 490 858 in
508 795 615 878 priore
634 794 779 859 membro
797 795 1048 879 praepositione,
1071 794 1198 859 adiecta
1214 795 1249 858 in
1273 795 1468 878 posteriore,

314 899 373 963 illa
401 905 583 984 tempestate,
615 921 650 965 ee
676 923 737 982 qua
770 907 941 984 tempestate
969 900 1086 965 dieitur
1114 923 1175 984 pro
1204 923 1242 966 eo
1276 901 1362 986 quod
1390 923 1466 966 esse

316 1006 428 1070 debuit
450 1028 488 1072 aa
509 1007 567 1071 illu
591 1013 774 1092 tempestate,
802 1029 865 1090 qua
887 1009 939 1072 vel
961 1028 998 1072 ea
1019 1029 1081 1088 grec
1103 1004 1314 1093 (tempestate):
1342 1008 1465 1072 nedum

316 1116 353 1175 ut
385 1117 511 1178 mutata
547 1114 654 1179 forma
685 1116 828 1182 nominis
864 1116 992 1200 placeat
1024 1117 1081 1180 illa
1113 1121 1298 1198 tempestate,
1333 1136 1392 1197 quo
1423 1136 1467 1179 ea

181 1299 184 1304 Ι
317 1224 454 1302 tempore.
483 1220 687 1306 Quamquam
707 1245 837 1288 sensum
859 1223 1019 1287 editorum
1042 1245 1083 1287 ne
1106 1223 1190 1287 forte
1212 1223 1466 1306 interpretemur

315 1325 523 1412 invidiosius,
551 1328 756 1394 dissimulare
779 1331 928 1394 nolumus
953 1329 1094 1394 fortasse
1116 1351 1182 1394 non
1205 1327 1305 1393 talem
1329 1329 1464 1393 omnino

316 1435 588 1499 constructionem
615 1437 689 1500 illos
717 1437 888 1520 probasse,
914 1460 978 1522 qua
1001 1436 1100 1503 verba
1128 1457 1209 1520 quae
1238 1439 1315 1498 sunt
1340 1456 1399 1516 quo
1424 1457 1465 1500 ea

317 1544 448 1622 tempore
473 1541 637 1624 prioribus
664 1543 730 1606 illis
758 1543 816 1607 illa
839 1548 1010 1626 tempestate
1037 1541 1229 1626 simpliciter
1256 1541 1464 1625 referrentur,

316 1647 371 1711 sed
387 1647 470 1712 hano
485 1649 631 1731 potuisse
647 1649 829 1733 explicandi
842 1651 930 1714 viam
946 1649 1161 1714 comminisci:
1177 1647 1250 1712 ‘illa
1265 1653 1463 1731 tempestate

269 1779 303 1819 vr
317 1755 482 1838 universa,
510 1777 593 1839 quae
622 1756 750 1820 duravit
777 1755 851 1820 inde
880 1757 920 1821 ab
950 1779 988 1821 eo
1016 1755 1173 1840 temporis
1201 1758 1366 1820 momento
1395 1777 1463 1839 quo

317 1859 447 1926 Cretam
471 1863 612 1927 insulam
631 1864 772 1946 primum
792 1864 905 1949 attigit
924 1863 1094 1928 Theseus'.
1132 1861 1177 1926 At
1196 1863 1247 1926 vel
1266 1863 1314 1926 sic
1332 1863 1463 1947 elegan-

315 1969 382 2032 tiae
406 1969 535 2052 quidem
558 1969 639 2033 nihil
664 1971 735 2053 pari
758 1969 876 2035 iterato
900 1971 1055 2054 temporis
1075 1970 1232 2035 vocabulo
1255 1969 1350 2054 (satis
1375 1969 1463 2034 enim

315 2073 379 2138 fuit
402 2095 439 2139 ea
460 2095 519 2156 quo
541 2073 620 2160 dici)
643 2097 708 2140 non
731 2077 838 2140 minus
861 2081 983 2142 certum
1007 2080 1058 2142 est
1081 2099 1177 2162 quam
1201 2099 1267 2141 non
1291 2077 1360 2141 sine
1384 2078 1463 2141 arti-

316 2181 389 2248 ficio
422 2181 581 2247 rationem
614 2182 704 2246 illam
737 2205 865 2248 omnem
899 2185 1037 2248 institui.
1081 2181 1156 2266 Ipsa
1188 2187 1297 2247 autem
1330 2185 1463 2249 artificii

315 2289 406 2354 notio
426 2311 498 2354 cum
517 2290 583 2355 vim
599 2311 676 2354 sane
691 2290 877 2375 ambiguam
896 2291 1015 2354 habeat
1034 2291 1068 2356 in
1085 2289 1147 2354 hac
1166 2311 1248 2374 qnae
1265 2291 1307 2354 ad
1321 2291 1462 2356 Alexan-

316 2396 481 2460 drinorum
510 2397 692 2480 exemplum
720 2395 923 2461 conformata
950 2400 1001 2460 est
1027 2395 1134 2479 poesi,
1167 2400 1217 2479 ut,
1250 2395 1327 2480 quid
1358 2419 1395 2462 eo
1425 2399 1462 2461 in

316 2523 435 2588 genere
455 2503 591 2567 nimium
615 2503 716 2585 dicas,
739 2503 816 2586 quid
839 2503 1025 2586 tolerabile,
1048 2524 1113 2567 non
1137 2523 1238 2586 nsque
1262 2525 1389 2587 quaque
1407 2508 1463 2598 sat

316 2609 412 2673 certis
436 2609 555 2674 finibus
574 2614 714 2676 constet:
738 2613 773 2673 at
796 2609 881 2694 quod
900 2613 1012 2674 nostro
1032 2608 1139 2672 sensui
1164 2608 1334 2690 displicere
1357 2610 1465 2678 lateo.

315 2737 403 2798 mur,
434 2715 468 2779 id
501 2715 529 2779 si
561 2737 602 2779 ne
634 2714 798 2799 proditum
831 2715 960 2800 quidem
989 2719 1039 2780 est
1066 2716 1100 2778 in
1134 2715 1283 2801 genuinis
1315 2716 1462 2782 fontibus

316 2823 509 2906 scripturae,
540 2843 652 2887 verum
679 2820 835 2886 Italorum
864 2821 991 2886 demum
1020 2823 1204 2886 coniectura
1231 2823 1463 2909 excogitatum,

316 2935 429 2995 nostro
462 2929 608 3013 profecto
640 2929 710 2994 iure
741 2931 790 2994 uti
822 2929 1094 3012 existimabimur,
1127 2929 1154 2992 si
1187 2927 1318 2992 illorum
1352 2931 1461 2994 sensui

315 3041 463 3102 nostrum
484 3040 729 3119 anteponamus.
761 3035 947 3100 Tenendum
969 3040 1019 3098 est
1043 3035 1129 3099 enim
1153 3057 1211 3118 pro
1232 3035 1321 3116 seros
1342 3059 1401 3118 quo
1424 3059 1464 3102 ea

315 3147 349 3208 in
383 3141 580 3208 Senteniano
613 3142 721 3208 codice
756 3143 901 3225 ferosque
936 3147 966 3206 et
1001 3163 1085 3226 esse,
1121 3142 1169 3205 in·
1187 3141 1317 3206 Datano
1350 3147 1461 3209 autem

313 3251 459 3330 ferosque
481 3249 528 3312 tre:
556 3248 590 3313 in
618 3269 695 3334 quo,
723 3248 785 3312 nisi
809 3249 947 3313 multum
971 3247 1129 3332 fallimur,
1153 3248 1243 3328 feroc
1269 3270 1360 3331 quom
1383 3251 1463 3314 deli-

315 3357 389 3421 tuit.
425 3355 542 3420 Restat
569 3355 791 3440 importunum
822 3355 901 3420 illud
930 3361 1073 3438 tempore:
1105 3357 1139 3420 in
1168 3379 1230 3441 quo
1261 3355 1461 3422 emendando

314 3463 425 3528 nescio
462 3485 503 3526 an
536 3462 709 3526 eorundem
747 3463 876 3526 illorum
909 3461 1066 3528 Italorum
1102 3462 1326 3528 felicissimam
1362 3484 1461 3546 saepe

315 3569 481 3634 divinandi
509 3569 677 3634 audaciam
709 3591 775 3634 non
807 3569 981 3634 infeliciter
1007 3571 1053 3634 sic
1081 3569 1294 3654 aemulemur,
1327 3574 1362 3634 ut
1390 3591 1461 3634 cor-

314 3680 446 3761 ruptum
470 3698 487 3742 e
510 3677 614 3742 robore
635 3681 794 3768 putemus.
835 3674 880 3739 Hi
903 3680 941 3740 ut
967 3675 1140 3742 tersissimi
1168 3683 1284 3761 poetae
1308 3675 1461 3739 versiculi

315 3784 484 3868 prodeant:
913 3871 919 3878 ¹

447 3891 509 3955 Illa
532 3893 741 3974 tempestate,
764 3890 855 3955 lerox
879 3913 991 3976 quom
1014 3891 1155 3956 robore
1178 3889 1321 3956 Theseus
1452 3963 1461 3981 ¹

447 3998 608 4083 Egressus
632 3999 739 4062 curuis
764 4021 780 4062 e
804 3999 956 4064 litoribus
980 3997 1086 4062 Piraei

448 4104 574 4189 Attigit
596 4105 709 4170 iniusti
732 4106 820 4190 regis
843 4104 1003 4190 Gortynia
1026 4109 1146 4171 tecta:

315 4211 384 4280 sive
416 4213 473 4277 ille
507 4212 578 4276 ἀλκὶ
610 4213 773 4278 πεποιθώς
806 4213 857 4279 vel
893 4214 980 4294 βίηφι
1013 4213 1177 4279 πεποιθώς
1210 4233 1265 4277 seu
1298 4209 1404 4291 κάρτεϊ
1432 4207 1460 4294 ᾧ

314 4322 444 4386 πίευνοε
473 4320 541 4384 sive
572 4319 632 4400 ἧφι
668 4320 776 4401 βίηφιν
808 4319 1029 4400 ἀγαλλόμενος
1057 4320 1108 4385 vel
1143 4320 1191 4403 βίῃ
1224 4317 1461 4397 ἐπαγαιόμενοε

315 4429 382 4492 sive
406 4429 513 4507 κάρτεϊ
535 4432 655 4505 γαῦρος
679 4427 748 4492 sive
772 4427 897 4512 aliquid
921 4427 1026 4492 simile
1050 4427 1222 4511 expressit,
1246 4449 1309 4510 quo
1330 4423 1461 4506 ferocem

314 4537 460 4602 αᾶυενεκε
480 4533 701 4624 perieula(ut
728 4538 779 4599 est
806 4533 891 4618 apud
921 4532 1085 4622 Tacitum)
1113 4533 1301 4598 bellatorem
1330 4531 1461 4598 diceret.
