3228 5098
808 1349 882 1432 IV.

672 1520 795 1604 durae
823 1519 1016 1605 secundae

326 1708 369 1749 zu
394 1684 487 1749 Hefb
509 1685 524 1750 I
547 1686 612 1749 der
637 1683 784 1749 ‘Neuen
807 1683 1105 1750 Plautinischen
1130 1684 1365 1771 Excurse’.*)

220 1978 260 2018 aa
364 1952 444 2016 Was
469 1950 538 2015 sich
558 1950 630 2015 dem
645 1949 817 2016 Verfaaser
840 1951 928 2016 einer
941 1951 1167 2018 Druckschrifb
1190 1953 1417 2019 unlersuchen·

273 2059 335 2124 den
359 2056 555 2124 Charaklers
583 2060 691 2121 auersi
719 2056 957 2143 aufzudriingen
985 2059 1099 2144 pilegt,
1132 2059 1181 2124 oft
1210 2059 1309 2125 sehon
1333 2059 1417 2125 nach

274 2165 430 2249 Wochen,
453 2161 571 2228 immet
594 2162 677 2228 nach
700 2161 864 2246 Monabcn,
887 2162 945 2228 das
968 2163 1053 2228 lauft
1074 2165 1172 2230 meisi
1195 2166 1254 2231 auf
1269 2165 1416 2232 Vervoll-

273 2273 486 2358 sbbndigung,
514 2269 745 2356 Besbbiigung,
772 2268 1000 2354 Erweiberung
1023 2270 1079 2336 des
1104 2271 1269 2358 Gesagben
1290 2273 1417 2338 hinaua.

273 2380 313 2446 In
336 2380 441 2446 einem
465 2382 598 2462 spatam
622 2375 770 2442 Stadium
795 2379 911 2461 belen,
935 2379 1141 2463 gewbhnlich
1166 2380 1266 2446 durch
1290 2381 1416 2447 Wider-

274 2486 393 2570 sprueh
430 2485 545 2551 andere
582 2483 799 2549 mtheilender
834 2482 1104 2571 hervorgerufen,
1141 2487 1417 2582 Beriehligungen

275 2592 352 2660 oder
385 2593 463 2658 aber
494 2589 806 2676 Rechtferbigungen
838 2590 945 2657 hinzu.
998 2591 1052 2658 Sei
1084 2615 1118 2658 es
1151 2595 1214 2659 mir
1251 2600 1418 2682 gesbaltet,

273 2700 345 2766 hier
366 2698 523 2766 cunichsb
545 2700 640 2762 unber
662 2697 735 2762 dem
759 2700 868 2762 ersten
891 2697 1164 2784 Gcsichtspunkbe
1188 2702 1293 2789 einige
1311 2703 1417 2769 Nach-

273 2811 366 2892 br‘age
396 2829 434 2871 nu
462 2806 575 2892 geben.
620 2801 676 2868 Ich
700 2802 803 2868 denke
827 2803 1034 2891 denJenigen‚
1067 2807 1118 2872 die
1142 2807 1212 2872 sich
1236 2809 1418 2896 dberhaupl

274 2915 326 2979 ffir
349 2913 436 2979 diese
459 2911 587 2996 Fragen
610 2910 833 2994 interessiren,
865 2911 945 2976 wird
969 2933 1003 2976 es
1027 2935 1081 2977 am
1103 2913 1315 2998 bequemslan
1338 2917 1419 3004 sein,
1509 2925 1514 2938 '

274 3045 369 3088 wenn
400 3019 453 3086 ich
481 3017 609 3083 einlach
639 3015 689 3082 die
717 3016 929 3103 Reihenfolge
962 3017 1018 3083 der
1045 3018 1080 3083 in
1104 3019 1160 3085 der
1187 3021 1417 3089 Druokschrilb

275 3129 378 3194 selbsb
399 3125 616 3192 behandelben
640 3122 866 3208 Gegenstiinde
890 3123 1052 3190 festhalbe.

364 3233 401 3298 G.
425 3232 654 3298 Hermann's
678 3229 876 3315 Abneigrmg
898 3249 1002 3316 gagen
1026 3231 1084 3297 das
1107 3234 1317 3301 auslaubende
1340 3239 1362 3302 d
1383 3237 1417 3301 in

274 3343 343 3408 med
364 3341 420 3420 aa,
444 3340 496 3404 die
519 3339 571 3404 ich
594 3361 624 3423 p.
649 3338 669 3403 8
692 3335 884 3415 hervorhob,
906 3337 1027 3403 konnbe
1049 3339 1132 3405 noch
1157 3341 1418 3409 ausdrdcklicher

229 3469 234 3480 ·
274 3450 385 3536 belegb
408 3447 536 3513 werden
559 3444 660 3510 durch
683 3443 770 3508 scine
795 3443 930 3527 eigenen
944 3443 1059 3512 Worte
1084 3448 1118 3514 in
1141 3447 1196 3513 der
1210 3447 1355 3514 Vorrede
1379 3475 1417 3516 au

275 3559 337 3623 den
356 3553 533 3634 Bacchides
556 3574 587 3636 p.
597 3550 644 3616 VI
654 3550 690 3616 f.:
714 3549 803 3634 ‘ligo
828 3550 957 3634 quidem
980 3551 1013 3617 id
1037 3553 1099 3638 egi,
1121 3559 1158 3620 ul
1180 3556 1280 3621 verba
1302 3561 1418 3640 poetae

275 3667 322 3730 iba
346 3662 540 3744 exhiberem,
562 3655 833 3743 quemadmodum
857 3658 898 3722 ab
922 3680 960 3723 eo
984 3659 1035 3724 vel
1054 3661 1177 3745 scripta
1200 3683 1271 3728 esse
1291 3663 1342 3728 vel
1361 3687 1418 3748 po·

274 3771 376 3837 luisse
401 3767 498 3834 scribi
522 3764 726 3832 videbantur:
750 3785 833 3847 quae
857 3764 885 3828 si
908 3763 970 3828 bibi
994 3769 1028 3829 eb
1050 3768 1161 3850 paucis
1184 3769 1259 3853 illis,
1282 3771 1337 3854 qui
1361 3771 1418 3836 ha-

274 3901 347 3944 rum
377 3897 483 3940 rerum
513 3872 654 3956 aliquem
677 3891 808 3934 sensum
831 3869 966 3954 habent,
994 3893 1059 3937 non
1088 3873 1325 3962 displicuerint,
1352 3901 1417 3943 non

274 4005 429 4071 quaeram
461 3979 537 4066 quid
568 3977 617 4041 illi
650 3976 806 4058 sentiant,
843 3974 899 4060 qui
932 3981 989 4042 aul
1020 3977 1190 4046 devoratas
1224 4005 1296 4048 cum
1328 3983 1417 4048 omni

275 4090 439 4179 squallore
458 4107 565 4153 sacras
585 4083 791 4148 membranas
810 4085 866 4146 aut
885 4105 1039 4166 procusos
1059 4087 1101 4151 ab
1123 4110 1193 4154 sese
1208 4090 1417 4176 confragosos

274 4219 427 4264 numeros
464 4191 850 4276 omnipotentemque
885 4189 908 4254 d
943 4189 1117 4258 libberam
1156 4195 1225 4260 sine
1257 4196 1416 4261 erudibabe

275 4299 505 4390 concoquunb’.
529 4337 571 4346 -

346 4497 372 4566 e)
391 4493 503 4567 [Rbein.
522 4491 650 4550 limeum
668 4489 688 4546 f.
707 4485 781 4544 Phil.
801 4486 891 4544 XXIV
911 4491 1002 4560 (1869)
1020 4511 1047 4563 p.
1067 4495 1229 4566 482-492.]
