<?xml version="1.0" encoding="UTF-8"?>
<!DOCTYPE html PUBLIC "-//W3C//DTD XHTML 1.0 Transitional//EN"
    "http://www.w3.org/TR/xhtml1/DTD/xhtml1-transitional.dtd">
<html xmlns="http://www.w3.org/1999/xhtml" xml:lang="en" lang="en">
 <head>
  <title>
</title>
<meta http-equiv="Content-Type" content="text/html;charset=utf-8" />
  <meta name='ocr-system' content='tesseract 3.04.00' />
  <meta name='ocr-capabilities' content='ocr_page ocr_carea ocr_par ocr_line ocrx_word'/>
</head>
<body>
  <div class='ocr_page' id='page_1' title='image "./fridericiritsch09wachgoog_0241.png"; bbox 0 0 3274 5114; ppageno 0'>
   <div class='ocr_carea' id='block_1_1' title="bbox 263 341 1010 407">
    <p class='ocr_par' dir='ltr' id='par_1_1' title="bbox 263 341 1010 407">
     <span class='ocr_line' id='line_1_1' title="bbox 263 341 1010 407; baseline 0.001 -2"><span class='ocrx_word' id='word_1_1' title='bbox 263 341 350 407; x_wconf 83' lang='lat'>216.</span> <span class='ocrx_word' id='word_1_2' title='bbox 652 359 688 406; x_wconf 85' lang='lat' dir='ltr'>ru</span> <span class='ocrx_word' id='word_1_3' title='bbox 711 357 820 405; x_wconf 76' lang='lat' dir='ltr'>viram</span> <span class='ocrx_word' id='word_1_4' title='bbox 844 357 1010 406; x_wconf 80' lang='lat' dir='ltr'>rannumr</span> 
     </span>
    </p>
   </div>
   <div class='ocr_carea' id='block_1_2' title="bbox 140 500 1412 2395">
    <p class='ocr_par' dir='ltr' id='par_1_2' title="bbox 140 500 1412 2395">
     <span class='ocr_line' id='line_1_2' title="bbox 264 500 1409 585; baseline 0.001 -21"><span class='ocrx_word' id='word_1_5' title='bbox 264 503 332 566; x_wconf 85' lang='lat' dir='ltr'>tate</span> <span class='ocrx_word' id='word_1_6' title='bbox 359 523 492 584; x_wconf 90' lang='lat' dir='ltr'>prorsus</span> <span class='ocrx_word' id='word_1_7' title='bbox 521 500 667 585; x_wconf 83' lang='lat' dir='ltr'>amabili,</span> <span class='ocrx_word' id='word_1_8' title='bbox 701 502 828 584; x_wconf 89' lang='lat' dir='ltr'>copiam</span> <span class='ocrx_word' id='word_1_9' title='bbox 857 501 936 564; x_wconf 95' lang='lat' dir='ltr'>mihi</span> <span class='ocrx_word' id='word_1_10' title='bbox 965 501 1085 565; x_wconf 85' lang='lat' dir='ltr'>faceret</span> <span class='ocrx_word' id='word_1_11' title='bbox 1115 501 1409 584; x_wconf 69' lang='lat' dir='ltr'><strong>exoptatissimam:</strong></span> 
     </span>
     <span class='ocr_line' id='line_1_3' title="bbox 264 605 1408 698; baseline 0.002 -27"><span class='ocrx_word' id='word_1_12' title='bbox 264 608 325 672; x_wconf 90' lang='lat' dir='ltr'>etsi</span> <span class='ocrx_word' id='word_1_13' title='bbox 348 607 387 671; x_wconf 91' lang='lat' dir='ltr'>de</span> <span class='ocrx_word' id='word_1_14' title='bbox 406 609 503 674; x_wconf 82' lang='lat' dir='ltr'>rebus</span> <span class='ocrx_word' id='word_1_15' title='bbox 520 607 685 692; x_wconf 89' lang='lat' dir='ltr'>plerisque</span> <span class='ocrx_word' id='word_1_16' title='bbox 703 608 783 672; x_wconf 88' lang='lat' dir='ltr'>satis</span> <span class='ocrx_word' id='word_1_17' title='bbox 803 608 887 672; x_wconf 89' lang='lat' dir='ltr'>inter</span> <span class='ocrx_word' id='word_1_18' title='bbox 902 605 1106 690; x_wconf 83' lang='lat' dir='ltr'>Schopenum</span> <span class='ocrx_word' id='word_1_19' title='bbox 1121 606 1408 698; x_wconf 77' lang='lat' dir='ltr'>Hunzikerumque</span> 
     </span>
     <span class='ocr_line' id='line_1_4' title="bbox 264 714 1408 800; baseline -0.001 -21"><span class='ocrx_word' id='word_1_20' title='bbox 264 715 434 780; x_wconf 87' lang='lat' dir='ltr'>convenire</span> <span class='ocrx_word' id='word_1_21' title='bbox 458 716 606 800; x_wconf 83' lang='lat' dir='ltr'>cognovi,</span> <span class='ocrx_word' id='word_1_22' title='bbox 629 719 738 780; x_wconf 88' lang='lat' dir='ltr'>tamen</span> <span class='ocrx_word' id='word_1_23' title='bbox 758 714 915 799; x_wconf 83' lang='lat' dir='ltr'>quaedam</span> <span class='ocrx_word' id='word_1_24' title='bbox 935 714 1136 780; x_wconf 82' lang='lat' dir='ltr'>offendebam</span> <span class='ocrx_word' id='word_1_25' title='bbox 1156 714 1293 780; x_wconf 85' lang='lat' dir='ltr'>molesto</span> <span class='ocrx_word' id='word_1_26' title='bbox 1317 715 1408 779; x_wconf 90' lang='lat' dir='ltr'>testi-</span> 
     </span>
     <span class='ocr_line' id='line_1_5' title="bbox 264 821 1408 906; baseline -0.001 -20"><span class='ocrx_word' id='word_1_27' title='bbox 264 822 447 886; x_wconf 90' lang='lat' dir='ltr'>moniorum</span> <span class='ocrx_word' id='word_1_28' title='bbox 475 821 610 886; x_wconf 90' lang='lat' dir='ltr'>discidio</span> <span class='ocrx_word' id='word_1_29' title='bbox 639 825 707 886; x_wconf 87' lang='lat' dir='ltr'>tam</span> <span class='ocrx_word' id='word_1_30' title='bbox 736 822 889 906; x_wconf 80' lang='lat' dir='ltr'>ambigua</span> <span class='ocrx_word' id='word_1_31' title='bbox 917 827 954 886; x_wconf 90' lang='lat' dir='ltr'>ut</span> <span class='ocrx_word' id='word_1_32' title='bbox 981 843 1045 886; x_wconf 91' lang='lat' dir='ltr'>non</span> <span class='ocrx_word' id='word_1_33' title='bbox 1076 821 1280 886; x_wconf 76' lang='lat' dir='ltr'>mediocriter</span> <span class='ocrx_word' id='word_1_34' title='bbox 1303 822 1408 887; x_wconf 89' lang='lat' dir='ltr'>haesi·</span> 
     </span>
     <span class='ocr_line' id='line_1_6' title="bbox 263 927 1410 1014; baseline -0.001 -23"><span class='ocrx_word' id='word_1_35' title='bbox 263 931 376 992; x_wconf 86' lang='lat' dir='ltr'>tarem.</span> <span class='ocrx_word' id='word_1_36' title='bbox 423 927 492 992; x_wconf 91' lang='lat' dir='ltr'>Hos</span> <span class='ocrx_word' id='word_1_37' title='bbox 521 928 623 1014; x_wconf 87' lang='lat' dir='ltr'>igitur</span> <span class='ocrx_word' id='word_1_38' title='bbox 651 927 819 1011; x_wconf 91' lang='lat' dir='ltr'>scrupulos</span> <span class='ocrx_word' id='word_1_39' title='bbox 847 930 883 991; x_wconf 91' lang='lat' dir='ltr'>nt</span> <span class='ocrx_word' id='word_1_40' title='bbox 911 927 949 992; x_wconf 91' lang='lat' dir='ltr'>de</span> <span class='ocrx_word' id='word_1_41' title='bbox 977 927 1082 992; x_wconf 91' lang='lat' dir='ltr'>medio</span> <span class='ocrx_word' id='word_1_42' title='bbox 1111 949 1223 992; x_wconf 89' lang='lat' dir='ltr'>omnes</span> <span class='ocrx_word' id='word_1_43' title='bbox 1250 927 1410 1011; x_wconf 87' lang='lat' dir='ltr'>tollerem,</span> 
     </span>
     <span class='ocr_line' id='line_1_7' title="bbox 211 1033 1409 1119; baseline -0.001 -22"><span class='ocrx_word' id='word_1_44' title='bbox 211 1034 304 1097; x_wconf 76' lang='lat' dir='ltr'>⁴⁸²de</span> <span class='ocrx_word' id='word_1_45' title='bbox 336 1034 472 1119; x_wconf 87' lang='lat' dir='ltr'>singulis</span> <span class='ocrx_word' id='word_1_46' title='bbox 503 1033 730 1118; x_wconf 90' lang='lat' dir='ltr'>discrepantiis</span> <span class='ocrx_word' id='word_1_47' title='bbox 762 1033 838 1119; x_wconf 90' lang='lat' dir='ltr'>quid</span> <span class='ocrx_word' id='word_1_48' title='bbox 869 1035 1000 1098; x_wconf 86' lang='lat' dir='ltr'>tandem</span> <span class='ocrx_word' id='word_1_49' title='bbox 1030 1036 1076 1098; x_wconf 89' lang='lat' dir='ltr'>rei</span> <span class='ocrx_word' id='word_1_50' title='bbox 1105 1039 1191 1099; x_wconf 87' lang='lat' dir='ltr'>esset</span> <span class='ocrx_word' id='word_1_51' title='bbox 1219 1033 1363 1117; x_wconf 88' lang='lat' dir='ltr'>quaesivi</span> <span class='ocrx_word' id='word_1_52' title='bbox 1392 1055 1409 1096; x_wconf 93' lang='lat' dir='ltr'>e</span> 
     </span>
     <span class='ocr_line' id='line_1_8' title="bbox 265 1138 1411 1224; baseline -0.001 -19"><span class='ocrx_word' id='word_1_53' title='bbox 265 1141 333 1206; x_wconf 85' lang='lat' dir='ltr'>viro</span> <span class='ocrx_word' id='word_1_54' title='bbox 358 1141 639 1224; x_wconf 89' lang='lat' dir='ltr'>praestantissimo</span> <span class='ocrx_word' id='word_1_55' title='bbox 659 1138 777 1206; x_wconf 85' lang='lat' dir='ltr'>Carolo</span> <span class='ocrx_word' id='word_1_56' title='bbox 797 1141 972 1206; x_wconf 90' lang='lat' dir='ltr'>Benedicto</span> <span class='ocrx_word' id='word_1_57' title='bbox 991 1141 1109 1206; x_wconf 80' lang='lat' dir='ltr'>Hesio:</span> <span class='ocrx_word' id='word_1_58' title='bbox 1133 1141 1222 1206; x_wconf 90' lang='lat' dir='ltr'>cuius</span> <span class='ocrx_word' id='word_1_59' title='bbox 1246 1141 1411 1224; x_wconf 87' lang='lat' dir='ltr'>incompa-</span> 
     </span>
     <span class='ocr_line' id='line_1_9' title="bbox 265 1247 1411 1332; baseline 0 -22"><span class='ocrx_word' id='word_1_60' title='bbox 265 1247 361 1312; x_wconf 81' lang='lat' dir='ltr'>rabili</span> <span class='ocrx_word' id='word_1_61' title='bbox 384 1247 584 1311; x_wconf 75' lang='lat' dir='ltr'>humanitate</span> <span class='ocrx_word' id='word_1_62' title='bbox 613 1251 682 1312; x_wconf 90' lang='lat' dir='ltr'>tam</span> <span class='ocrx_word' id='word_1_63' title='bbox 710 1251 744 1312; x_wconf 89' lang='lat' dir='ltr'>ct</span> <span class='ocrx_word' id='word_1_64' title='bbox 770 1253 921 1330; x_wconf 77' lang='lat' dir='ltr'>prompte</span> <span class='ocrx_word' id='word_1_65' title='bbox 950 1251 982 1311; x_wconf 90' lang='lat' dir='ltr'>et</span> <span class='ocrx_word' id='word_1_66' title='bbox 1010 1247 1103 1332; x_wconf 86' lang='lat' dir='ltr'>plene</span> <span class='ocrx_word' id='word_1_67' title='bbox 1132 1259 1322 1330; x_wconf 81' lang='lat' dir='ltr'>responsum</span> <span class='ocrx_word' id='word_1_68' title='bbox 1351 1252 1411 1330; x_wconf 89' lang='lat' dir='ltr'>est,</span> 
     </span>
     <span class='ocr_line' id='line_1_10' title="bbox 265 1352 1409 1438; baseline -0.002 -20"><span class='ocrx_word' id='word_1_69' title='bbox 265 1359 301 1420; x_wconf 88' lang='lat' dir='ltr'>ut</span> <span class='ocrx_word' id='word_1_70' title='bbox 331 1355 396 1418; x_wconf 88' lang='lat' dir='ltr'>iam</span> <span class='ocrx_word' id='word_1_71' title='bbox 426 1360 594 1438; x_wconf 83' lang='lat' dir='ltr'>tamquam</span> <span class='ocrx_word' id='word_1_72' title='bbox 626 1377 698 1419; x_wconf 91' lang='lat' dir='ltr'>cum</span> <span class='ocrx_word' id='word_1_73' title='bbox 728 1354 908 1438; x_wconf 84' lang='lat' dir='ltr'>pulvisculo</span> <span class='ocrx_word' id='word_1_74' title='bbox 938 1353 1111 1418; x_wconf 81' lang='lat' dir='ltr'>exhaustus</span> <span class='ocrx_word' id='word_1_75' title='bbox 1140 1377 1210 1419; x_wconf 91' lang='lat' dir='ltr'>esse</span> <span class='ocrx_word' id='word_1_76' title='bbox 1239 1375 1311 1418; x_wconf 89' lang='lat' dir='ltr'>cunr</span> <span class='ocrx_word' id='word_1_77' title='bbox 1340 1352 1409 1417; x_wconf 87' lang='lat' dir='ltr'>the·</span> 
     </span>
     <span class='ocr_line' id='line_1_11' title="bbox 266 1457 1409 1543; baseline -0.002 -18"><span class='ocrx_word' id='word_1_78' title='bbox 266 1483 380 1525; x_wconf 90' lang='lat' dir='ltr'>saurus</span> <span class='ocrx_word' id='word_1_79' title='bbox 410 1460 466 1524; x_wconf 91' lang='lat' dir='ltr'>ille</span> <span class='ocrx_word' id='word_1_80' title='bbox 496 1459 653 1526; x_wconf 90' lang='lat' dir='ltr'>bonitatis</span> <span class='ocrx_word' id='word_1_81' title='bbox 677 1457 842 1524; x_wconf 85' lang='lat' dir='ltr'>Parisinus</span> <span class='ocrx_word' id='word_1_82' title='bbox 865 1461 897 1524; x_wconf 84' lang='lat' dir='ltr'><strong><em>A</em></strong></span> <span class='ocrx_word' id='word_1_83' title='bbox 928 1464 997 1524; x_wconf 90' lang='lat' dir='ltr'>tum</span> <span class='ocrx_word' id='word_1_84' title='bbox 1029 1459 1127 1543; x_wconf 83' lang='lat' dir='ltr'>longo</span> <span class='ocrx_word' id='word_1_85' title='bbox 1160 1459 1201 1524; x_wconf 90' lang='lat' dir='ltr'>ab</span> <span class='ocrx_word' id='word_1_86' title='bbox 1232 1459 1289 1525; x_wconf 92' lang='lat' dir='ltr'>illo</span> <span class='ocrx_word' id='word_1_87' title='bbox 1313 1459 1409 1524; x_wconf 88' lang='lat' dir='ltr'>inter-</span> 
     </span>
     <span class='ocr_line' id='line_1_12' title="bbox 266 1564 1411 1651; baseline -0.001 -20"><span class='ocrx_word' id='word_1_88' title='bbox 266 1567 352 1634; x_wconf 86' lang='lat' dir='ltr'>vallo</span> <span class='ocrx_word' id='word_1_89' title='bbox 380 1567 505 1632; x_wconf 89' lang='lat' dir='ltr'>distans</span> <span class='ocrx_word' id='word_1_90' title='bbox 533 1565 567 1631; x_wconf 89' lang='lat' dir='ltr'><em>B</em></span> <span class='ocrx_word' id='word_1_91' title='bbox 594 1565 695 1631; x_wconf 86' lang='lat' dir='ltr'>videri</span> <span class='ocrx_word' id='word_1_92' title='bbox 724 1566 848 1632; x_wconf 88' lang='lat' dir='ltr'>debeat.</span> <span class='ocrx_word' id='word_1_93' title='bbox 900 1564 995 1647; x_wconf 75' lang='lat' dir='ltr'>[Cum</span> <span class='ocrx_word' id='word_1_94' title='bbox 1024 1566 1125 1631; x_wconf 87' lang='lat' dir='ltr'>nihilo</span> <span class='ocrx_word' id='word_1_95' title='bbox 1157 1567 1257 1631; x_wconf 90' lang='lat' dir='ltr'>setius</span> <span class='ocrx_word' id='word_1_96' title='bbox 1286 1566 1411 1651; x_wconf 84' lang='lat' dir='ltr'>aliquot</span> 
     </span>
     <span class='ocr_line' id='line_1_13' title="bbox 264 1671 1411 1756; baseline 0 -20"><span class='ocrx_word' id='word_1_97' title='bbox 264 1672 344 1737; x_wconf 89' lang='lat' dir='ltr'>locis</span> <span class='ocrx_word' id='word_1_98' title='bbox 373 1677 514 1738; x_wconf 87' lang='lat' dir='ltr'>erratum</span> <span class='ocrx_word' id='word_1_99' title='bbox 544 1695 614 1739; x_wconf 89' lang='lat' dir='ltr'>esse</span> <span class='ocrx_word' id='word_1_100' title='bbox 642 1671 675 1736; x_wconf 92' lang='lat' dir='ltr'>in</span> <span class='ocrx_word' id='word_1_101' title='bbox 704 1671 875 1736; x_wconf 87' lang='lat' dir='ltr'>afferendis</span> <span class='ocrx_word' id='word_1_102' title='bbox 904 1671 1049 1736; x_wconf 92' lang='lat' dir='ltr'>codicum</span> <span class='ocrx_word' id='word_1_103' title='bbox 1073 1673 1104 1736; x_wconf 83' lang='lat' dir='ltr'><strong><em>A</em></strong></span> <span class='ocrx_word' id='word_1_104' title='bbox 1128 1675 1161 1734; x_wconf 91' lang='lat' dir='ltr'>et</span> <span class='ocrx_word' id='word_1_105' title='bbox 1184 1671 1218 1736; x_wconf 84' lang='grc' dir='ltr'><strong><em>Β</em></strong></span> <span class='ocrx_word' id='word_1_106' title='bbox 1242 1672 1411 1756; x_wconf 88' lang='lat' dir='ltr'>scripturis</span> 
     </span>
     <span class='ocr_line' id='line_1_14' title="bbox 265 1777 1411 1862; baseline 0 -19"><span class='ocrx_word' id='word_1_107' title='bbox 265 1778 468 1845; x_wconf 86' lang='lat' dir='ltr'>Froehnerus</span> <span class='ocrx_word' id='word_1_108' title='bbox 487 1780 521 1844; x_wconf 91' lang='lat' dir='ltr'>in</span> <span class='ocrx_word' id='word_1_109' title='bbox 535 1779 654 1844; x_wconf 89' lang='lat' dir='ltr'>Philol.</span> <span class='ocrx_word' id='word_1_110' title='bbox 664 1797 740 1843; x_wconf 84' lang='lat' dir='ltr'>xv11</span> <span class='ocrx_word' id='word_1_111' title='bbox 760 1801 790 1862; x_wconf 90' lang='lat' dir='ltr'>p.</span> <span class='ocrx_word' id='word_1_112' title='bbox 805 1777 868 1843; x_wconf 80' lang='lat'>357</span> <span class='ocrx_word' id='word_1_113' title='bbox 880 1801 927 1862; x_wconf 90' lang='lat' dir='ltr'>sq.</span> <span class='ocrx_word' id='word_1_114' title='bbox 946 1777 1174 1860; x_wconf 84' lang='lat' dir='ltr'>contendisset,</span> <span class='ocrx_word' id='word_1_115' title='bbox 1193 1801 1212 1842; x_wconf 90' lang='lat' dir='ltr'>a</span> <span class='ocrx_word' id='word_1_116' title='bbox 1231 1777 1411 1844; x_wconf 86' lang='lat' dir='ltr'>Ritschelio</span> 
     </span>
     <span class='ocr_line' id='line_1_15' title="bbox 265 1882 1410 1972; baseline 0 -21"><span class='ocrx_word' id='word_1_117' title='bbox 265 1891 400 1972; x_wconf 82' lang='lat' dir='ltr'>rogatus</span> <span class='ocrx_word' id='word_1_118' title='bbox 425 1885 589 1950; x_wconf 82' lang='lat' dir='ltr'>Gustavus</span> <span class='ocrx_word' id='word_1_119' title='bbox 609 1883 797 1968; x_wconf 86' lang='lat' dir='ltr'>Meynehius</span> <span class='ocrx_word' id='word_1_120' title='bbox 820 1889 992 1969; x_wconf 88' lang='lat' dir='ltr'>utrumque</span> <span class='ocrx_word' id='word_1_121' title='bbox 1016 1882 1159 1948; x_wconf 87' lang='lat' dir='ltr'>codicem</span> <span class='ocrx_word' id='word_1_122' title='bbox 1183 1887 1314 1970; x_wconf 82' lang='lat' dir='ltr'>egregia</span> <span class='ocrx_word' id='word_1_123' title='bbox 1337 1909 1410 1951; x_wconf 91' lang='lat' dir='ltr'>cum</span> 
     </span>
     <span class='ocr_line' id='line_1_16' title="bbox 266 1990 1408 2074; baseline 0.003 -19"><span class='ocrx_word' id='word_1_124' title='bbox 266 1992 425 2058; x_wconf 88' lang='lat' dir='ltr'>industria</span> <span class='ocrx_word' id='word_1_125' title='bbox 453 1991 624 2074; x_wconf 86' lang='lat' dir='ltr'>descripsit</span> <span class='ocrx_word' id='word_1_126' title='bbox 657 1992 725 2054; x_wconf 89' lang='lat' dir='ltr'>siue</span> <span class='ocrx_word' id='word_1_127' title='bbox 753 1990 899 2073; x_wconf 84' lang='lat' dir='ltr'>depinxit</span> <span class='ocrx_word' id='word_1_128' title='bbox 923 1994 1020 2074; x_wconf 89' lang='lat' dir='ltr'>atque</span> <span class='ocrx_word' id='word_1_129' title='bbox 1044 1990 1141 2074; x_wconf 86' lang='lat' dir='ltr'>longe</span> <span class='ocrx_word' id='word_1_130' title='bbox 1165 1993 1408 2058; x_wconf 88' lang='lat' dir='ltr'>accuratissime</span> 
     </span>
     <span class='ocr_line' id='line_1_17' title="bbox 140 2083 1409 2183; baseline 0.003 -21"><span class='ocrx_word' id='word_1_131' title='bbox 140 2129 142 2136; x_wconf 52' lang='lat'><strong><em>⁴</em></strong></span> <span class='ocrx_word' id='word_1_132' title='bbox 266 2098 448 2182; x_wconf 90' lang='lat' dir='ltr'>ubicunque</span> <span class='ocrx_word' id='word_1_133' title='bbox 472 2097 641 2182; x_wconf 86' lang='lat' dir='ltr'>scrupulus</span> <span class='ocrx_word' id='word_1_134' title='bbox 665 2098 764 2162; x_wconf 91' lang='lat' dir='ltr'>etiam</span> <span class='ocrx_word' id='word_1_135' title='bbox 787 2097 907 2162; x_wconf 83' lang='lat' dir='ltr'>resedit</span> <span class='ocrx_word' id='word_1_136' title='bbox 929 2097 1047 2161; x_wconf 87' lang='lat' dir='ltr'>iterum</span> <span class='ocrx_word' id='word_1_137' title='bbox 1071 2097 1251 2183; x_wconf 87' lang='lat' dir='ltr'>iterumque</span> <span class='ocrx_word' id='word_1_138' title='bbox 1275 2083 1315 2164; x_wconf 85' lang='lat' dir='ltr'>ad</span> <span class='ocrx_word' id='word_1_139' title='bbox 1339 2099 1409 2166; x_wconf 84' lang='grc'><strong>1111-</strong></span> 
     </span>
     <span class='ocr_line' id='line_1_18' title="bbox 267 2203 1412 2289; baseline 0.004 -22"><span class='ocrx_word' id='word_1_140' title='bbox 267 2203 422 2268; x_wconf 90' lang='lat' dir='ltr'>schelium</span> <span class='ocrx_word' id='word_1_141' title='bbox 446 2204 583 2288; x_wconf 90' lang='lat' dir='ltr'>rettulit,</span> <span class='ocrx_word' id='word_1_142' title='bbox 612 2205 660 2268; x_wconf 88' lang='lat' dir='ltr'>ita</span> <span class='ocrx_word' id='word_1_143' title='bbox 684 2208 720 2268; x_wconf 91' lang='lat' dir='ltr'>ut</span> <span class='ocrx_word' id='word_1_144' title='bbox 742 2225 827 2269; x_wconf 91' lang='lat' dir='ltr'>nunc</span> <span class='ocrx_word' id='word_1_145' title='bbox 856 2227 933 2268; x_wconf 90' lang='lat' dir='ltr'>sano</span> <span class='ocrx_word' id='word_1_146' title='bbox 961 2225 1081 2289; x_wconf 83' lang='lat' dir='ltr'>magna</span> <span class='ocrx_word' id='word_1_147' title='bbox 1113 2226 1185 2270; x_wconf 92' lang='lat' dir='ltr'>cum</span> <span class='ocrx_word' id='word_1_148' title='bbox 1218 2205 1412 2272; x_wconf 89' lang='lat' dir='ltr'>confidentia</span> 
     </span>
     <span class='ocr_line' id='line_1_19' title="bbox 268 2309 1318 2395; baseline 0.004 -22"><span class='ocrx_word' id='word_1_149' title='bbox 268 2309 423 2374; x_wconf 86' lang='lat' dir='ltr'>affirmari</span> <span class='ocrx_word' id='word_1_150' title='bbox 447 2311 551 2395; x_wconf 88' lang='lat' dir='ltr'>possit</span> <span class='ocrx_word' id='word_1_151' title='bbox 575 2311 684 2376; x_wconf 91' lang='lat' dir='ltr'>omnia</span> <span class='ocrx_word' id='word_1_152' title='bbox 708 2310 747 2374; x_wconf 93' lang='lat' dir='ltr'>ad</span> <span class='ocrx_word' id='word_1_153' title='bbox 771 2311 926 2375; x_wconf 90' lang='lat' dir='ltr'>amussim</span> <span class='ocrx_word' id='word_1_154' title='bbox 951 2333 1021 2376; x_wconf 90' lang='lat' dir='ltr'>esse</span> <span class='ocrx_word' id='word_1_155' title='bbox 1045 2315 1166 2376; x_wconf 85' lang='lat' dir='ltr'>exacta.</span> <span class='ocrx_word' id='word_1_156' title='bbox 1204 2311 1237 2377; x_wconf 82' lang='lat' dir='ltr'>O.</span> <span class='ocrx_word' id='word_1_157' title='bbox 1252 2313 1318 2394; x_wconf 91' lang='lat' dir='ltr'>W.]</span> 
     </span>
    </p>
   </div>
   <div class='ocr_carea' id='block_1_3' title="bbox 269 2433 1412 2946">
    <p class='ocr_par' dir='ltr' id='par_1_3' title="bbox 269 2433 1412 2946">
     <span class='ocr_line' id='line_1_20' title="bbox 358 2433 1411 2523; baseline 0.006 -25"><span class='ocrx_word' id='word_1_158' title='bbox 358 2433 606 2500; x_wconf 81' lang='lat' dir='ltr'>OLeidensis</span> <span class='ocrx_word' id='word_1_159' title='bbox 630 2435 866 2522; x_wconf 88' lang='lat' dir='ltr'>membraneus,</span> <span class='ocrx_word' id='word_1_160' title='bbox 888 2437 921 2502; x_wconf 93' lang='lat' dir='ltr'>in</span> <span class='ocrx_word' id='word_1_161' title='bbox 944 2435 1116 2502; x_wconf 88' lang='lat' dir='ltr'>Vossianis</span> <span class='ocrx_word' id='word_1_162' title='bbox 1143 2437 1218 2502; x_wconf 87' lang='lat'>186:</span> <span class='ocrx_word' id='word_1_163' title='bbox 1242 2437 1297 2523; x_wconf 93' lang='lat' dir='ltr'>qui</span> <span class='ocrx_word' id='word_1_164' title='bbox 1321 2439 1411 2504; x_wconf 91' lang='lat' dir='ltr'>dubi·</span> 
     </span>
     <span class='ocr_line' id='line_1_21' title="bbox 269 2541 1411 2626; baseline 0.006 -22"><span class='ocrx_word' id='word_1_165' title='bbox 269 2545 358 2605; x_wconf 89' lang='lat' dir='ltr'>tatur</span> <span class='ocrx_word' id='word_1_166' title='bbox 381 2565 458 2606; x_wconf 91' lang='lat' dir='ltr'>num</span> <span class='ocrx_word' id='word_1_167' title='bbox 483 2541 567 2606; x_wconf 87' lang='lat' dir='ltr'>forte</span> <span class='ocrx_word' id='word_1_168' title='bbox 592 2542 712 2606; x_wconf 86' lang='lat' dir='ltr'>saeculi</span> <span class='ocrx_word' id='word_1_169' title='bbox 727 2561 788 2607; x_wconf 85' lang='lat' dir='ltr'>x1v</span> <span class='ocrx_word' id='word_1_170' title='bbox 812 2543 864 2607; x_wconf 88' lang='lat' dir='ltr'>sit.</span> <span class='ocrx_word' id='word_1_171' title='bbox 901 2541 939 2607; x_wconf 92' lang='lat' dir='ltr'>In</span> <span class='ocrx_word' id='word_1_172' title='bbox 962 2543 1059 2608; x_wconf 88' lang='lat' dir='ltr'>Italia</span> <span class='ocrx_word' id='word_1_173' title='bbox 1082 2543 1238 2626; x_wconf 89' lang='lat' dir='ltr'>scriptum</span> <span class='ocrx_word' id='word_1_174' title='bbox 1263 2567 1332 2610; x_wconf 90' lang='lat' dir='ltr'>esse</span> <span class='ocrx_word' id='word_1_175' title='bbox 1351 2552 1411 2611; x_wconf 85' lang='lat' dir='ltr'>otto</span> 
     </span>
     <span class='ocr_line' id='line_1_22' title="bbox 269 2647 1411 2734; baseline 0.007 -24"><span class='ocrx_word' id='word_1_176' title='bbox 269 2647 429 2730; x_wconf 90' lang='lat' dir='ltr'>scriptura</span> <span class='ocrx_word' id='word_1_177' title='bbox 451 2670 511 2732; x_wconf 93' lang='lat' dir='ltr'>pro</span> <span class='ocrx_word' id='word_1_178' title='bbox 534 2653 596 2714; x_wconf 83' lang='lat' dir='ltr'>octo</span> <span class='ocrx_word' id='word_1_179' title='bbox 618 2671 649 2733; x_wconf 93' lang='lat' dir='ltr'>p.</span> <span class='ocrx_word' id='word_1_180' title='bbox 673 2650 747 2734; x_wconf 83' lang='grc'><strong>211,</strong></span> <span class='ocrx_word' id='word_1_181' title='bbox 773 2649 813 2713; x_wconf 91' lang='grc'>10</span> <span class='ocrx_word' id='word_1_182' title='bbox 840 2649 958 2714; x_wconf 90' lang='lat' dir='ltr'>indicio</span> <span class='ocrx_word' id='word_1_183' title='bbox 986 2653 1043 2714; x_wconf 82' lang='lat' dir='ltr'>est</span> <span class='ocrx_word' id='word_1_184' title='bbox 1089 2648 1184 2714; x_wconf 90' lang='lat' dir='ltr'>Hunc</span> <span class='ocrx_word' id='word_1_185' title='bbox 1211 2650 1311 2716; x_wconf 91' lang='lat' dir='ltr'>habui</span> <span class='ocrx_word' id='word_1_186' title='bbox 1339 2675 1411 2717; x_wconf 91' lang='lat' dir='ltr'>cum</span> 
     </span>
     <span class='ocr_line' id='line_1_23' title="bbox 270 2753 1412 2842; baseline 0.006 -25"><span class='ocrx_word' id='word_1_187' title='bbox 270 2753 349 2817; x_wconf 90' lang='lat' dir='ltr'>mihi</span> <span class='ocrx_word' id='word_1_188' title='bbox 382 2754 546 2818; x_wconf 87' lang='lat' dir='ltr'>conlatum</span> <span class='ocrx_word' id='word_1_189' title='bbox 580 2755 620 2819; x_wconf 88' lang='lat' dir='ltr'>ab</span> <span class='ocrx_word' id='word_1_190' title='bbox 648 2753 796 2840; x_wconf 81' lang='lat' dir='ltr'>Eugenio</span> <span class='ocrx_word' id='word_1_191' title='bbox 819 2753 965 2821; x_wconf 88' lang='lat' dir='ltr'>Mehlero</span> <span class='ocrx_word' id='word_1_192' title='bbox 998 2760 1068 2820; x_wconf 91' lang='lat' dir='ltr'>tum</span> <span class='ocrx_word' id='word_1_193' title='bbox 1100 2779 1120 2820; x_wconf 87' lang='lat' dir='ltr'>a</span> <span class='ocrx_word' id='word_1_194' title='bbox 1148 2755 1315 2842; x_wconf 88' lang='lat' dir='ltr'>Schopeno</span> <span class='ocrx_word' id='word_1_195' title='bbox 1339 2759 1412 2825; x_wconf 90' lang='lat' dir='ltr'>sibi.</span> 
     </span>
     <span class='ocr_line' id='line_1_24' title="bbox 271 2860 1145 2946; baseline 0.001 -21"><span class='ocrx_word' id='word_1_196' title='bbox 271 2860 399 2942; x_wconf 91' lang='lat' dir='ltr'>[Denuo</span> <span class='ocrx_word' id='word_1_197' title='bbox 424 2884 497 2926; x_wconf 88' lang='lat' dir='ltr'>eum</span> <span class='ocrx_word' id='word_1_198' title='bbox 521 2862 590 2946; x_wconf 92' lang='lat' dir='ltr'>ipse</span> <span class='ocrx_word' id='word_1_199' title='bbox 614 2861 811 2927; x_wconf 84' lang='lat' dir='ltr'>Ritschelius</span> <span class='ocrx_word' id='word_1_200' title='bbox 835 2864 984 2927; x_wconf 88' lang='lat' dir='ltr'>excussit.</span> <span class='ocrx_word' id='word_1_201' title='bbox 1030 2861 1063 2927; x_wconf 84' lang='lat' dir='ltr'>O.</span> <span class='ocrx_word' id='word_1_202' title='bbox 1080 2861 1145 2944; x_wconf 91' lang='lat' dir='ltr'>W.]</span> 
     </span>
    </p>
   </div>
   <div class='ocr_carea' id='block_1_4' title="bbox 270 2983 1413 3391">
    <p class='ocr_par' dir='ltr' id='par_1_4' title="bbox 270 2983 1413 3391">
     <span class='ocr_line' id='line_1_25' title="bbox 358 2983 1412 3073; baseline 0.006 -23"><span class='ocrx_word' id='word_1_203' title='bbox 358 2985 393 3050; x_wconf 90' lang='lat' dir='ltr'><em>D</em></span> <span class='ocrx_word' id='word_1_204' title='bbox 425 2984 655 3050; x_wconf 78' lang='lat' dir='ltr'>Dresdensia</span> <span class='ocrx_word' id='word_1_205' title='bbox 688 2984 809 3051; x_wconf 76' lang='lat' dir='ltr'>‘Elect</span> <span class='ocrx_word' id='word_1_206' title='bbox 833 2983 923 3069; x_wconf 63' lang='lat'>5391,</span> <span class='ocrx_word' id='word_1_207' title='bbox 946 2986 1024 3072; x_wconf 81' lang='lat' dir='ltr'>Reg.</span> <span class='ocrx_word' id='word_1_208' title='bbox 1048 2985 1087 3051; x_wconf 92' lang='lat' dir='ltr'>D.</span> <span class='ocrx_word' id='word_1_209' title='bbox 1114 2987 1202 3072; x_wconf 79' lang='lat'>132⁹,</span> <span class='ocrx_word' id='word_1_210' title='bbox 1234 2991 1412 3073; x_wconf 89' lang='lat' dir='ltr'>partimin</span> 
     </span>
     <span class='ocr_line' id='line_1_26' title="bbox 270 3091 1413 3178; baseline 0.006 -22"><span class='ocrx_word' id='word_1_211' title='bbox 270 3093 467 3156; x_wconf 90' lang='lat' dir='ltr'>membranis</span> <span class='ocrx_word' id='word_1_212' title='bbox 498 3093 616 3176; x_wconf 89' lang='lat' dir='ltr'>partim</span> <span class='ocrx_word' id='word_1_213' title='bbox 651 3094 685 3158; x_wconf 94' lang='lat' dir='ltr'>in</span> <span class='ocrx_word' id='word_1_214' title='bbox 717 3093 839 3158; x_wconf 87' lang='lat' dir='ltr'>chartis</span> <span class='ocrx_word' id='word_1_215' title='bbox 870 3095 1020 3178; x_wconf 88' lang='lat' dir='ltr'>scriptus.</span> <span class='ocrx_word' id='word_1_216' title='bbox 1075 3091 1244 3178; x_wconf 83' lang='lat' dir='ltr'>Schopeno</span> <span class='ocrx_word' id='word_1_217' title='bbox 1274 3095 1413 3163; x_wconf 89' lang='lat' dir='ltr'>Ioannes</span> 
     </span>
     <span class='ocr_line' id='line_1_27' title="bbox 272 3198 1411 3300; baseline 0.006 -38"><span class='ocrx_word' id='word_1_218' title='bbox 272 3198 438 3264; x_wconf 89' lang='lat' dir='ltr'>Vahlenus</span> <span class='ocrx_word' id='word_1_219' title='bbox 457 3200 595 3266; x_wconf 88' lang='lat' dir='ltr'>contulit</span> <span class='ocrx_word' id='word_1_220' title='bbox 614 3200 806 3300; x_wconf 62' lang='lat' dir='ltr'>[Ititschelio</span> <span class='ocrx_word' id='word_1_221' title='bbox 827 3200 930 3265; x_wconf 91' lang='lat' dir='ltr'>multo</span> <span class='ocrx_word' id='word_1_222' title='bbox 946 3200 1128 3266; x_wconf 89' lang='lat' dir='ltr'>accuratius</span> <span class='ocrx_word' id='word_1_223' title='bbox 1143 3199 1301 3267; x_wconf 82' lang='lat' dir='ltr'>Aemilius</span> <span class='ocrx_word' id='word_1_224' title='bbox 1316 3203 1411 3290; x_wconf 83' lang='lat' dir='ltr'>Iung-</span> 
     </span>
     <span class='ocr_line' id='line_1_28' title="bbox 272 3305 1009 3391; baseline -0.003 -19"><span class='ocrx_word' id='word_1_225' title='bbox 272 3328 410 3373; x_wconf 88' lang='lat' dir='ltr'>mannus</span> <span class='ocrx_word' id='word_1_226' title='bbox 435 3311 468 3372; x_wconf 91' lang='lat' dir='ltr'>ct</span> <span class='ocrx_word' id='word_1_227' title='bbox 491 3307 671 3374; x_wconf 86' lang='lat' dir='ltr'>Ludovicus</span> <span class='ocrx_word' id='word_1_228' title='bbox 696 3307 833 3391; x_wconf 90' lang='lat' dir='ltr'>Ieepius.</span> <span class='ocrx_word' id='word_1_229' title='bbox 880 3305 915 3372; x_wconf 85' lang='lat' dir='ltr'>C.</span> <span class='ocrx_word' id='word_1_230' title='bbox 929 3305 1009 3388; x_wconf 64' lang='lat' dir='ltr'>W.],</span> 
     </span>
    </p>
   </div>
   <div class='ocr_carea' id='block_1_5' title="bbox 270 3428 1462 3730">
    <p class='ocr_par' dir='ltr' id='par_1_5' title="bbox 270 3428 1462 3730">
     <span class='ocr_line' id='line_1_29' title="bbox 358 3428 1413 3516; baseline 0.005 -21"><span class='ocrx_word' id='word_1_231' title='bbox 358 3431 393 3495; x_wconf 84' lang='lat' dir='ltr'><strong><em>E</em></strong></span> <span class='ocrx_word' id='word_1_232' title='bbox 413 3435 447 3496; x_wconf 92' lang='lat' dir='ltr'>et</span> <span class='ocrx_word' id='word_1_233' title='bbox 469 3432 504 3496; x_wconf 87' lang='lat' dir='ltr'><em>F</em></span> <span class='ocrx_word' id='word_1_234' title='bbox 523 3431 693 3497; x_wconf 89' lang='lat' dir='ltr'>Vaticanis</span> <span class='ocrx_word' id='word_1_235' title='bbox 716 3431 939 3513; x_wconf 89' lang='lat' dir='ltr'>membraneis,</span> <span class='ocrx_word' id='word_1_236' title='bbox 962 3431 1018 3495; x_wconf 95' lang='lat' dir='ltr'>illo</span> <span class='ocrx_word' id='word_1_237' title='bbox 1045 3428 1221 3495; x_wconf 87' lang='lat' dir='ltr'>Vrbinati</span> <span class='ocrx_word' id='word_1_238' title='bbox 1246 3433 1324 3516; x_wconf 86' lang='grc'><strong>354,</strong></span> <span class='ocrx_word' id='word_1_239' title='bbox 1351 3434 1413 3500; x_wconf 91' lang='lat' dir='ltr'>hoc</span> 
     </span>
     <span class='ocr_line' id='line_1_30' title="bbox 270 3535 1462 3624; baseline 0.004 -24"><span class='ocrx_word' id='word_1_240' title='bbox 270 3535 635 3622; x_wconf 79' lang='lat' dir='ltr'>Reginae1492,uti</span> <span class='ocrx_word' id='word_1_241' title='bbox 658 3537 749 3624; x_wconf 91' lang='lat' dir='ltr'>potui</span> <span class='ocrx_word' id='word_1_242' title='bbox 774 3537 815 3602; x_wconf 86' lang='lat' dir='ltr'>ab</span> <span class='ocrx_word' id='word_1_243' title='bbox 839 3536 961 3603; x_wconf 89' lang='lat' dir='ltr'>Ottone</span> <span class='ocrx_word' id='word_1_244' title='bbox 985 3535 1162 3602; x_wconf 88' lang='lat' dir='ltr'>Ribbechio</span> <span class='ocrx_word' id='word_1_245' title='bbox 1188 3538 1318 3619; x_wconf 88' lang='lat' dir='ltr'>[iterum</span> <span class='ocrx_word' id='word_1_246' title='bbox 1342 3541 1414 3604; x_wconf 92' lang='lat' dir='ltr'>dili·</span> <span class='ocrx_word' id='word_1_247' title='bbox 1458 3617 1462 3624; x_wconf 31' lang='grc' dir='ltr'>Ι</span> 
     </span>
     <span class='ocr_line' id='line_1_31' title="bbox 270 3643 1254 3730; baseline 0.001 -22"><span class='ocrx_word' id='word_1_248' title='bbox 270 3643 461 3728; x_wconf 81' lang='lat' dir='ltr'>gentissime</span> <span class='ocrx_word' id='word_1_249' title='bbox 485 3643 526 3709; x_wconf 90' lang='lat' dir='ltr'>ab</span> <span class='ocrx_word' id='word_1_250' title='bbox 550 3643 700 3730; x_wconf 80' lang='lat' dir='ltr'>Augusto</span> <span class='ocrx_word' id='word_1_251' title='bbox 724 3643 942 3710; x_wconf 89' lang='lat' dir='ltr'>Wilmannsio</span> <span class='ocrx_word' id='word_1_252' title='bbox 967 3643 1001 3708; x_wconf 80' lang='lat' dir='ltr'>O.</span> <span class='ocrx_word' id='word_1_253' title='bbox 1015 3643 1081 3725; x_wconf 90' lang='lat' dir='ltr'>W.]</span> <span class='ocrx_word' id='word_1_254' title='bbox 1107 3644 1254 3709; x_wconf 89' lang='lat' dir='ltr'>conlatis.</span> 
     </span>
    </p>
   </div>
   <div class='ocr_carea' id='block_1_6' title="bbox 360 3767 1413 3853">
    <p class='ocr_par' dir='ltr' id='par_1_6' title="bbox 360 3767 1413 3853">
     <span class='ocr_line' id='line_1_32' title="bbox 360 3767 1413 3853; baseline 0.003 -19"><span class='ocrx_word' id='word_1_255' title='bbox 360 3769 391 3834; x_wconf 75' lang='lat' dir='ltr'><em>G</em></span> <span class='ocrx_word' id='word_1_256' title='bbox 414 3768 717 3853; x_wconf 87' lang='lat' dir='ltr'>Neapolitanum</span> <span class='ocrx_word' id='word_1_257' title='bbox 740 3769 843 3834; x_wconf 90' lang='lat' dir='ltr'>musei</span> <span class='ocrx_word' id='word_1_258' title='bbox 867 3767 1043 3832; x_wconf 90' lang='lat' dir='ltr'>Borbonici</span> <span class='ocrx_word' id='word_1_259' title='bbox 1066 3768 1130 3832; x_wconf 87' lang='grc'>411</span> <span class='ocrx_word' id='word_1_260' title='bbox 1155 3769 1233 3833; x_wconf 90' lang='lat' dir='ltr'>item</span> <span class='ocrx_word' id='word_1_261' title='bbox 1257 3773 1413 3837; x_wconf 90' lang='lat' dir='ltr'>membra·</span> 
     </span>
    </p>
   </div>
   <div class='ocr_carea' id='block_1_7' title="bbox 270 3873 1413 4062">
    <p class='ocr_par' dir='ltr' id='par_1_7' title="bbox 270 3873 1413 4062">
     <span class='ocr_line' id='line_1_33' title="bbox 270 3873 1413 3962; baseline 0.002 -22"><span class='ocrx_word' id='word_1_262' title='bbox 270 3897 367 3940; x_wconf 88' lang='lat' dir='ltr'>neum</span> <span class='ocrx_word' id='word_1_263' title='bbox 389 3880 525 3960; x_wconf 82' lang='lat' dir='ltr'>rogatus</span> <span class='ocrx_word' id='word_1_264' title='bbox 554 3899 574 3940; x_wconf 88' lang='lat' dir='ltr'>a</span> <span class='ocrx_word' id='word_1_265' title='bbox 596 3899 647 3940; x_wconf 90' lang='lat' dir='ltr'>me</span> <span class='ocrx_word' id='word_1_266' title='bbox 671 3875 833 3962; x_wconf 81' lang='lat' dir='ltr'>Georgius</span> <span class='ocrx_word' id='word_1_267' title='bbox 856 3873 954 3939; x_wconf 84' lang='lat' dir='ltr'>Thilo</span> <span class='ocrx_word' id='word_1_268' title='bbox 979 3875 1138 3957; x_wconf 84' lang='lat' dir='ltr'>excerpsit</span> <span class='ocrx_word' id='word_1_269' title='bbox 1162 3877 1277 3961; x_wconf 90' lang='lat' dir='ltr'>[nuper</span> <span class='ocrx_word' id='word_1_270' title='bbox 1299 3875 1413 3942; x_wconf 91' lang='lat' dir='ltr'>Henri·</span> 
     </span>
     <span class='ocr_line' id='line_1_34' title="bbox 271 3979 1366 4062; baseline -0.001 -16"><span class='ocrx_word' id='word_1_271' title='bbox 271 4003 327 4046; x_wconf 90' lang='lat' dir='ltr'>cus</span> <span class='ocrx_word' id='word_1_272' title='bbox 350 3979 489 4047; x_wconf 85' lang='lat' dir='ltr'>Motzius</span> <span class='ocrx_word' id='word_1_273' title='bbox 513 3981 661 4045; x_wconf 90' lang='lat' dir='ltr'>contulit.</span> <span class='ocrx_word' id='word_1_274' title='bbox 707 3979 741 4047; x_wconf 83' lang='lat'>0.</span> <span class='ocrx_word' id='word_1_275' title='bbox 756 3979 831 4062; x_wconf 91' lang='lat' dir='ltr'><strong>W.].</strong></span> <span class='ocrx_word' id='word_1_276' title='bbox 1364 3981 1366 3989; x_wconf 41' lang='lat'>⁸</span> 
     </span>
    </p>
   </div>
   <div class='ocr_carea' id='block_1_8' title="bbox 272 4121 1415 4519">
    <p class='ocr_par' dir='ltr' id='par_1_8' title="bbox 272 4121 1415 4519">
     <span class='ocr_line' id='line_1_35' title="bbox 361 4121 1414 4212; baseline 0.009 -26"><span class='ocrx_word' id='word_1_277' title='bbox 361 4121 505 4207; x_wconf 76' lang='lat' dir='ltr'>Accedit,</span> <span class='ocrx_word' id='word_1_278' title='bbox 520 4121 574 4186; x_wconf 89' lang='lat' dir='ltr'>sed</span> <span class='ocrx_word' id='word_1_279' title='bbox 590 4124 718 4186; x_wconf 86' lang='lat' dir='ltr'>tantum</span> <span class='ocrx_word' id='word_1_280' title='bbox 732 4122 766 4187; x_wconf 90' lang='lat' dir='ltr'>in</span> <span class='ocrx_word' id='word_1_281' title='bbox 780 4121 902 4187; x_wconf 88' lang='lat' dir='ltr'>Donati</span> <span class='ocrx_word' id='word_1_282' title='bbox 918 4123 1061 4187; x_wconf 89' lang='lat' dir='ltr'>auctario</span> <span class='ocrx_word' id='word_1_283' title='bbox 1087 4123 1133 4210; x_wconf 81' lang='lat' dir='ltr'>(p</span> <span class='ocrx_word' id='word_1_284' title='bbox 1147 4123 1227 4209; x_wconf 82' lang='lat'>214)</span> <span class='ocrx_word' id='word_1_285' title='bbox 1249 4125 1414 4212; x_wconf 87' lang='lat' dir='ltr'>inspectus</span> 
     </span>
     <span class='ocr_line' id='line_1_36' title="bbox 273 4227 1413 4314; baseline 0.008 -20"><span class='ocrx_word' id='word_1_286' title='bbox 273 4253 293 4294; x_wconf 95' lang='lat' dir='ltr'>a</span> <span class='ocrx_word' id='word_1_287' title='bbox 330 4227 474 4314; x_wconf 83' lang='lat' dir='ltr'>Caspare</span> <span class='ocrx_word' id='word_1_288' title='bbox 511 4227 646 4294; x_wconf 87' lang='lat' dir='ltr'>Barthio</span> <span class='ocrx_word' id='word_1_289' title='bbox 684 4227 952 4294; x_wconf 81' lang='lat' dir='ltr'>Adversariorum</span> <span class='ocrx_word' id='word_1_290' title='bbox 989 4227 1045 4293; x_wconf 94' lang='lat' dir='ltr'>lib.</span> <span class='ocrx_word' id='word_1_291' title='bbox 1069 4247 1105 4294; x_wconf 84' lang='lat' dir='ltr'>lv</span> <span class='ocrx_word' id='word_1_292' title='bbox 1142 4253 1211 4314; x_wconf 89' lang='lat' dir='ltr'>cap.</span> <span class='ocrx_word' id='word_1_293' title='bbox 1235 4234 1278 4298; x_wconf 84' lang='lat'>26</span> <span class='ocrx_word' id='word_1_294' title='bbox 1315 4236 1413 4303; x_wconf 84' lang='lat' dir='ltr'>codex</span> 
     </span>
     <span class='ocr_line' id='line_1_37' title="bbox 272 4334 1414 4430; baseline 0.01 -32"><span class='ocrx_word' id='word_1_295' title='bbox 272 4334 398 4399; x_wconf 90' lang='lat' dir='ltr'>ltalus</span> <span class='ocrx_word' id='word_1_296' title='bbox 431 4335 499 4420; x_wconf 88' lang='lat' dir='ltr'>ille,</span> <span class='ocrx_word' id='word_1_297' title='bbox 532 4357 626 4421; x_wconf 90' lang='lat' dir='ltr'>quem</span> <span class='ocrx_word' id='word_1_298' title='bbox 659 4336 789 4400; x_wconf 85' lang='lat' dir='ltr'>temetsi</span> <span class='ocrx_word' id='word_1_299' title='bbox 820 4335 973 4402; x_wconf 85' lang='lat' dir='ltr'>Barthius</span> <span class='ocrx_word' id='word_1_300' title='bbox 1007 4334 1294 4403; x_wconf 80' lang='lat' dir='ltr'>‘vetustissimum’</span> <span class='ocrx_word' id='word_1_301' title='bbox 1326 4342 1414 4430; x_wconf 91' lang='lat' dir='ltr'>dicit,</span> 
     </span>
     <span class='ocr_line' id='line_1_38' title="bbox 274 4443 1415 4519; baseline 0.011 -13"><span class='ocrx_word' id='word_1_302' title='bbox 274 4447 382 4506; x_wconf 87' lang='lat' dir='ltr'>tamen</span> <span class='ocrx_word' id='word_1_303' title='bbox 402 4464 468 4506; x_wconf 92' lang='lat' dir='ltr'>non</span> <span class='ocrx_word' id='word_1_304' title='bbox 488 4443 651 4508; x_wconf 90' lang='lat' dir='ltr'>dubitabis</span> <span class='ocrx_word' id='word_1_305' title='bbox 671 4443 703 4506; x_wconf 94' lang='lat' dir='ltr'>in</span> <span class='ocrx_word' id='word_1_306' title='bbox 726 4448 905 4508; x_wconf 88' lang='lat' dir='ltr'>ceterorum</span> <span class='ocrx_word' id='word_1_307' title='bbox 919 4465 1052 4508; x_wconf 90' lang='lat' dir='ltr'>numero</span> <span class='ocrx_word' id='word_1_308' title='bbox 1068 4443 1267 4509; x_wconf 83' lang='lat' dir='ltr'>noviciorum</span> <span class='ocrx_word' id='word_1_309' title='bbox 1286 4445 1415 4519; x_wconf 89' lang='lat' dir='ltr'>habere.</span> 
     </span>
    </p>
   </div>
   <div class='ocr_carea' id='block_1_9' title="bbox 0 0 1654 5114">
    <p class='ocr_par' dir='ltr' id='par_1_9' title="bbox 0 0 1654 5114">
     <span class='ocr_line' id='line_1_39' title="bbox 0 0 1654 5114; baseline 0 0"><span class='ocrx_word' id='word_1_310' title='bbox 0 0 1654 5114; x_wconf 95' lang='lat' dir='ltr'> </span> 
     </span>
    </p>
   </div>
  </div>
 </body>
</html>
