3294 5104
269 381 334 446 294
680 397 728 443 na
752 395 1004 444 sunuosmoun

270 540 374 605 maior
406 540 490 605 solet
522 539 678 624 gliscente
710 540 784 604 labe
818 539 965 623 pravitas
998 561 1082 624 essa,
1114 545 1151 604 nt
1183 539 1414 626 aequiparandi

269 647 373 712 tribus
396 646 463 711 illis
486 647 624 712 vetustis
647 647 742 730 pauci
765 647 950 730 rideantur,
979 647 1065 710 infra
1088 669 1200 711 eorum
1223 647 1415 732 bonitatem,

270 776 367 838 quam
386 755 492 838 ipsam
511 753 630 818 rectius
650 754 908 819 mediocritatem
927 753 1053 839 dixeris,
1071 754 1168 840 longe
1187 755 1321 839 plurimi
1340 755 1415 820 sub·

271 861 396 925 sistant.
443 859 504 936 Qui
528 863 635 924 autem
660 881 698 924 ex
722 861 837 944 quibus
861 883 918 946 per
941 882 1021 945 quas
1045 861 1299 946 propinquitatis
1322 861 1416 926 vicis-

271 967 428 1032 situdines
456 966 635 1050 manarint,
666 967 699 1031 id
728 968 858 1052 quidem
880 989 966 1032 nunc
989 968 1171 1033 accuratius
1195 968 1272 1034 sciri
1296 972 1329 1032 et
1350 968 1415 1033 sin·

272 1074 413 1160 gillatim
441 1074 602 1138 enucleari
625 1075 752 1160 nequit,
786 1075 842 1140 sed
870 1075 1025 1140 facillime
1052 1075 1202 1161 indagari
1230 1075 1340 1140 ascitis
1363 1075 1416 1140 rel

272 1181 350 1247 solis
365 1182 566 1246 nostratibus
582 1181 708 1267 aliquot
721 1181 887 1248 codicibus
901 1183 1031 1266 poterit,
1049 1183 1140 1247 velut
1153 1181 1416 1266 Guelferbytanis

272 1293 345 1354 octo
373 1284 427 1374 (cf.
450 1289 564 1354 Eberti
587 1289 671 1354 Bibl.
696 1289 801 1355 Guelf.
824 1313 855 1374 p.
881 1291 944 1354 160
958 1288 1042 1375 sqq.)
1069 1291 1120 1354 vel
1149 1289 1416 1354 Berolinensibus

272 1393 564 1480 Rehdigeranisve,
588 1395 762 1479 Gothanis,
786 1394 1106 1480 Vindoboneusibus‚
1128 1395 1304 1480 lipsiensi,
1334 1395 1418 1460 aliis.

272 1499 342 1566 Nec
375 1501 493 1566 mirum
526 1506 577 1566 est
608 1502 642 1565 in
675 1501 869 1586 quibusdam
900 1502 1008 1586 libris,
1040 1506 1077 1567 ut
1104 1503 1154 1568 vel
1184 1525 1222 1568 ex
1250 1503 1418 1588 proposita

274 1607 452 1690 scripturae
481 1606 666 1672 diversitate
689 1606 913 1691 Adelphorum
935 1607 1146 1693 intellegitur,
1175 1612 1346 1695 utramque
1369 1631 1417 1675 re·

274 1714 460 1780 censionem
492 1715 582 1779 vario
615 1717 873 1799 temperamento
906 1713 1041 1778 mixtam
1074 1737 1244 1799 apparare,
1281 1738 1307 1780 e.
1331 1737 1356 1781 c.
1384 1716 1418 1780 in

280 1821 520 1886 Vindobortensi:
553 1823 647 1906 quale
680 1821 838 1887 librorum
871 1841 973 1907 genus
1003 1841 1075 1885 cum
1103 1843 1199 1905 saepe
1229 1822 1354 1886 accidat
1382 1827 1420 1886 ut

274 1927 390 1992 merito
419 1933 471 1991 sat
498 1927 608 2012 magni
637 1926 839 2009 aestimetur,
871 1930 981 1990 tamen
1008 1927 1143 1991 minoris
1166 1927 1218 1992 rel
1240 1928 1362 1994 nullius
1385 1930 1419 1995 in

274 2033 426 2099 Terentio
449 2032 606 2098 momenti
630 2035 688 2115 est,
712 2032 802 2096 cuius
825 2031 919 2096 binas
943 2033 1147 2098 recensiones
1166 2033 1264 2100 liccat
1282 2035 1367 2101 inter
1386 2057 1420 2102 se

275 2141 430 2206 discretas
464 2161 502 2204 ex
532 2139 612 2222 ipsis
643 2137 843 2222 principibus
873 2137 1020 2203 fontibus
1050 2145 1167 2224 petere.
1219 2141 1420 2227 Omninoque

274 2247 442 2312 verissima
462 2269 482 2310 a
496 2245 686 2331 Boettigero
705 2245 786 2310 illud
809 2265 879 2309 esse
903 2243 1024 2310 dictum
1043 2251 1205 2332 putamus,
1227 2247 1420 2313 Bambinum

275 2358 308 2418 et
331 2354 464 2418 alterius
487 2354 630 2419 familiae
653 2353 762 2419 fontes
786 2353 842 2437 qui
860 2357 947 2418 recte
966 2353 1054 2419 norit
1074 2353 1179 2438 iisque
1193 2352 1316 2419 Donati
1334 2355 1420 2442 frag-

274 2465 384 2526 ments
407 2459 599 2544 adiunxerit,
622 2460 656 2525 in
679 2463 809 2524 centum
832 2459 898 2524 fere
918 2459 1082 2526 codicibus
1101 2460 1236 2545 reliquis
1255 2461 1309 2525 rix
1329 2462 1419 2546 quin-

277 2568 443 2654 quaginta,
467 2589 604 2652 quarum
628 2566 747 2651 aliquis
771 2587 841 2631 esse
864 2589 942 2631 usus
965 2567 1079 2652 possit,
1103 2567 1281 2651 scripturae
1305 2567 1421 2634 discre-

276 2675 406 2760 pantias
438 2673 659 2738 inventurum:
696 2694 734 2737 ac
765 2673 905 2738 fortasse
938 2673 989 2737 vel
1022 2673 1075 2737 hic
1106 2695 1260 2739 numerus
1291 2675 1422 2741 nimius.

275 2781 391 2866 Itaque
414 2803 487 2846 cum
510 2780 638 2845 critices
652 2777 874 2864 Terentianae,
898 2783 1058 2864 quatenus
1077 2801 1094 2843 a
1113 2780 1307 2864 scriptorum
1325 2782 1423 2848 libro-

276 2911 348 2955 rum
367 2887 524 2954 memoria
539 2891 616 2971 apta
635 2891 693 2971 est,
713 2909 841 2951 summa
859 2887 1064 2952 contineatur
1081 2885 1115 2951 in
1133 2888 1234 2971 probe
1252 2891 1424 2972 perspecta

276 2993 430 3079 Calliopii
445 3015 552 3078 opera,
571 2994 610 3059 de
625 2994 687 3058 hac
700 2993 813 3077 paucis
827 2991 1049 3058 disserendum
1065 2994 1122 3057 est.
1151 2991 1300 3058 Instituit
1315 2999 1423 3060 autem

277 3103 333 3167 ille
357 3101 410 3186 (de
434 3123 498 3186 quo
523 3100 656 3185 copiosa
679 3103 787 3165 exstat
808 3098 936 3163 Barthii
959 3097 1138 3181 disputatio
1153 3097 1422 3187 adramitino)

237 3229 262 3268 11
276 3231 343 3274 non
356 3207 500 3273 'l'erentii
523 3211 661 3290 tanturn,
685 3206 740 3271 scd
763 3205 871 3272 Plauti
896 3227 1022 3290 quoque
1046 3205 1276 3291 recensionem,
1298 3227 1362 3291 quo
1385 3205 1423 3270 de

278 3315 462 3380 monuimus
487 3315 520 3378 in
546 3313 798 3378 Zimmermanni
821 3311 911 3377 Diar.
935 3311 1013 3396 phil.
1038 3333 1066 3375 a.
1093 3311 1176 3378 1837
1205 3333 1236 3395 p.
1261 3311 1335 3377 738.
1360 3311 1423 3376 746

279 3421 408 3505 [Opusa
423 3419 455 3485 II
479 3445 509 3505 p.
527 3421 597 3486 167.
616 3419 702 3502 1791,
725 3419 928 3504 similemque
951 3419 1017 3484 illis
1040 3420 1146 3503 poetis
1170 3441 1303 3504 operam
1328 3423 1424 3504 atque

277 3525 701 3612 HoratioVettiusAgorius
711 3525 855 3592 Basilius
865 3523 1047 3592 Mavortius
1058 3546 1130 3590 cum
1140 3523 1299 3611 Magistro
1310 3525 1425 3608 Felice,

276 3634 422 3720 Vergilio
437 3639 470 3698 et
480 3631 610 3698 Sedulio
620 3633 754 3699 Turcius
770 3631 882 3698 Rufius
898 3633 1106 3718 Apronianus
1124 3633 1282 3718 Asterius,
1291 3631 1424 3698 Valerio

257 3809 262 3818 ,
277 3741 419 3822 Maximo
430 3739 601 3806 Helvidius
611 3739 803 3824 Domnulus,
810 3739 942 3806 Caesari
951 3741 1055 3805 Iulius
1067 3739 1180 3805 Celsus
1192 3737 1425 3804 Constantinus

278 3853 312 3913 et
339 3847 471 3911 Flavius
499 3845 641 3911 Lieerius
670 3845 833 3910 Firminus
857 3845 1032 3929 Lupicinus
1059 3845 1205 3910 navavit:
1235 3845 1297 3910 vid.
1320 3845 1425 3910 Bentl.

277 3955 377 4038 praef.
390 3953 468 4018 Hor.
483 3975 513 4036 p.
530 3951 575 4034 X,
599 3951 702 4034 Heyn.
721 3953 754 4016 in
769 3950 866 4035 Verg.
881 3953 944 4016 vol.
954 3951 1000 4016 IV
1020 3975 1051 4036 p.
1065 3953 1129 4016 607
1142 3975 1211 4037 sqq.
1231 3951 1278 4017 ed.
1297 3951 1426 4032 noviss,

278 4059 563 4142 doctissimumque
587 4057 748 4143 collegam
772 4057 1002 4124 Schneiderum
1025 4060 1065 4124 de
1088 4059 1163 4124 bell.
1173 4059 1266 4143 Hisp.
1281 4081 1340 4124 scr.
1355 4081 1384 4142 p.
1395 4059 1426 4123 6.

279 4166 330 4230 Ex
354 4165 470 4252 quibus
493 4165 631 4230 invicem
651 4166 736 4229 inter
755 4185 789 4228 se
808 4163 947 4248 collatis,
967 4187 1049 4250 quae
1068 4166 1118 4230 vis
1138 4165 1182 4229 sit
1201 4163 1359 4230 eiusmodi
1378 4185 1426 4228 re·

232 4339 234 4346 ,
280 4273 447 4356 censionis,
466 4273 680 4358 perspicietis,
698 4271 860 4354 iidemque
878 4271 1028 4339 instituta
1042 4273 1192 4338 Bembini
1207 4269 1426 4356 Calliopiano-

279 4401 415 4464 rumque
438 4377 596 4445 librorum
621 4377 871 4462 comparatione,
895 4382 1053 4463 quantum
1077 4383 1110 4444 et
1133 4401 1190 4444 cnr
1213 4381 1246 4442 et
1263 4377 1425 4462 quomodo

278 4485 330 4550 his
359 4483 416 4548 ille
443 4489 600 4569 praestet,
627 4483 818 4550 certissimis
847 4486 1048 4574 argumentis
1076 4483 1286 4572 indagabitis.
1332 4483 1423 4562 Quod
