<?xml version="1.0" encoding="UTF-8"?>
<!DOCTYPE html PUBLIC "-//W3C//DTD XHTML 1.0 Transitional//EN"
    "http://www.w3.org/TR/xhtml1/DTD/xhtml1-transitional.dtd">
<html xmlns="http://www.w3.org/1999/xhtml" xml:lang="en" lang="en">
 <head>
  <title>
</title>
<meta http-equiv="Content-Type" content="text/html;charset=utf-8" />
  <meta name='ocr-system' content='tesseract 3.04.00' />
  <meta name='ocr-capabilities' content='ocr_page ocr_carea ocr_par ocr_line ocrx_word'/>
</head>
<body>
  <div class='ocr_page' id='page_1' title='image "./fridericiritsch09wachgoog_0206.png"; bbox 0 0 3274 5114; ppageno 0'>
   <div class='ocr_carea' id='block_1_1' title="bbox 618 412 1400 478">
    <p class='ocr_par' dir='ltr' id='par_1_1' title="bbox 618 412 1400 478">
     <span class='ocr_line' id='line_1_1' title="bbox 618 412 1400 478; baseline 0.003 -2"><span class='ocrx_word' id='word_1_1' title='bbox 618 427 832 478; x_wconf 76' lang='lat' dir='ltr'>sanormnrn</span> <span class='ocrx_word' id='word_1_2' title='bbox 855 429 1042 477; x_wconf 73' lang='lat' dir='ltr'>ranvurna.</span> <span class='ocrx_word' id='word_1_3' title='bbox 1340 412 1400 478; x_wconf 89' lang='lat'>181</span> 
     </span>
    </p>
   </div>
   <div class='ocr_carea' id='block_1_2' title="bbox 255 561 1402 657">
    <p class='ocr_par' dir='ltr' id='par_1_2' title="bbox 255 561 1402 657">
     <span class='ocr_line' id='line_1_2' title="bbox 255 561 1402 657; baseline 0 -21"><span class='ocrx_word' id='word_1_4' title='bbox 255 571 368 656; x_wconf 89' lang='lat' dir='ltr'>procul</span> <span class='ocrx_word' id='word_1_5' title='bbox 387 561 548 638; x_wconf 85' lang='lat' dir='ltr'>habeatur</span> <span class='ocrx_word' id='word_1_6' title='bbox 566 594 624 638; x_wconf 90' lang='lat' dir='ltr'>nec</span> <span class='ocrx_word' id='word_1_7' title='bbox 644 572 726 638; x_wconf 86' lang='lat' dir='ltr'>alius</span> <span class='ocrx_word' id='word_1_8' title='bbox 742 569 929 637; x_wconf 74' lang='lat' dir='ltr'>‘Addictus&#39;</span> <span class='ocrx_word' id='word_1_9' title='bbox 944 571 1106 657; x_wconf 73' lang='lat' dir='ltr'>cogitetur</span> <span class='ocrx_word' id='word_1_10' title='bbox 1124 570 1188 637; x_wconf 90' lang='lat' dir='ltr'>nisi</span> <span class='ocrx_word' id='word_1_11' title='bbox 1207 570 1402 638; x_wconf 72' lang='lat' dir='ltr'>venditionis</span> 
     </span>
    </p>
   </div>
   <div class='ocr_carea' id='block_1_3' title="bbox 253 677 1501 1620">
    <p class='ocr_par' dir='ltr' id='par_1_3' title="bbox 253 677 1501 1620">
     <span class='ocr_line' id='line_1_3' title="bbox 256 677 1501 764; baseline 0 -22"><span class='ocrx_word' id='word_1_12' title='bbox 256 679 328 764; x_wconf 87' lang='lat' dir='ltr'>loge</span> <span class='ocrx_word' id='word_1_13' title='bbox 352 678 492 763; x_wconf 85' lang='lat' dir='ltr'>emptori</span> <span class='ocrx_word' id='word_1_14' title='bbox 516 679 676 764; x_wconf 85' lang='lat' dir='ltr'>addictus,</span> <span class='ocrx_word' id='word_1_15' title='bbox 704 679 896 764; x_wconf 86' lang='lat' dir='ltr'>praesertim</span> <span class='ocrx_word' id='word_1_16' title='bbox 923 700 996 744; x_wconf 88' lang='lat' dir='ltr'>cum</span> <span class='ocrx_word' id='word_1_17' title='bbox 1020 677 1219 744; x_wconf 73' lang='lat' dir='ltr'>‘uenditum&#39;</span> <span class='ocrx_word' id='word_1_18' title='bbox 1243 678 1306 744; x_wconf 93' lang='lat' dir='ltr'>dici</span> <span class='ocrx_word' id='word_1_19' title='bbox 1329 679 1402 762; x_wconf 92' lang='lat' dir='ltr'>ipsa</span> <span class='ocrx_word' id='word_1_20' title='bbox 1498 754 1501 760; x_wconf 19' lang='grc' dir='ltr'>Ι</span> 
     </span>
     <span class='ocr_line' id='line_1_4' title="bbox 254 785 1400 872; baseline 0.003 -23"><span class='ocrx_word' id='word_1_21' title='bbox 254 785 402 850; x_wconf 87' lang='lat' dir='ltr'>latinitas</span> <span class='ocrx_word' id='word_1_22' title='bbox 425 789 526 850; x_wconf 86' lang='lat' dir='ltr'>vetat:</span> <span class='ocrx_word' id='word_1_23' title='bbox 559 787 627 852; x_wconf 87' lang='lat' dir='ltr'>sive</span> <span class='ocrx_word' id='word_1_24' title='bbox 654 786 710 852; x_wconf 90' lang='lat' dir='ltr'>ille</span> <span class='ocrx_word' id='word_1_25' title='bbox 739 807 852 851; x_wconf 85' lang='lat' dir='ltr'>servus</span> <span class='ocrx_word' id='word_1_26' title='bbox 884 785 948 851; x_wconf 88' lang='lat' dir='ltr'>fuit</span> <span class='ocrx_word' id='word_1_27' title='bbox 979 786 1014 851; x_wconf 90' lang='lat' dir='ltr'>in</span> <span class='ocrx_word' id='word_1_28' title='bbox 1046 785 1130 851; x_wconf 90' lang='lat' dir='ltr'>alius</span> <span class='ocrx_word' id='word_1_29' title='bbox 1159 785 1282 851; x_wconf 85' lang='lat' dir='ltr'>domini</span> <span class='ocrx_word' id='word_1_30' title='bbox 1310 790 1400 872; x_wconf 83' lang='lat' dir='ltr'>potc-</span> 
     </span>
     <span class='ocr_line' id='line_1_5' title="bbox 255 891 1402 978; baseline 0.002 -22"><span class='ocrx_word' id='word_1_31' title='bbox 255 895 374 956; x_wconf 86' lang='lat' dir='ltr'>statem</span> <span class='ocrx_word' id='word_1_32' title='bbox 397 892 574 978; x_wconf 83' lang='lat' dir='ltr'>transiens,</span> <span class='ocrx_word' id='word_1_33' title='bbox 598 893 679 977; x_wconf 81' lang='lat' dir='ltr'>sive,</span> <span class='ocrx_word' id='word_1_34' title='bbox 703 893 789 978; x_wconf 88' lang='lat' dir='ltr'>quod</span> <span class='ocrx_word' id='word_1_35' title='bbox 812 891 917 978; x_wconf 82' lang='lat' dir='ltr'>magis</span> <span class='ocrx_word' id='word_1_36' title='bbox 940 893 1061 978; x_wconf 86' lang='lat' dir='ltr'>placet,</span> <span class='ocrx_word' id='word_1_37' title='bbox 1084 893 1182 960; x_wconf 92' lang='lat' dir='ltr'>homo</span> <span class='ocrx_word' id='word_1_38' title='bbox 1206 894 1290 959; x_wconf 89' lang='lat' dir='ltr'>liber</span> <span class='ocrx_word' id='word_1_39' title='bbox 1312 894 1402 958; x_wconf 85' lang='lat' dir='ltr'>velut</span> 
     </span>
     <span class='ocr_line' id='line_1_6' title="bbox 255 999 1399 1086; baseline 0.003 -23"><span class='ocrx_word' id='word_1_40' title='bbox 255 1021 275 1063; x_wconf 88' lang='lat' dir='ltr'>a</span> <span class='ocrx_word' id='word_1_41' title='bbox 297 999 412 1084; x_wconf 85' lang='lat' dir='ltr'>piratis</span> <span class='ocrx_word' id='word_1_42' title='bbox 437 1003 551 1085; x_wconf 87' lang='lat' dir='ltr'>captus</span> <span class='ocrx_word' id='word_1_43' title='bbox 576 1005 609 1066; x_wconf 91' lang='lat' dir='ltr'>et</span> <span class='ocrx_word' id='word_1_44' title='bbox 632 1023 749 1066; x_wconf 78' lang='lat' dir='ltr'>venum</span> <span class='ocrx_word' id='word_1_45' title='bbox 772 999 868 1065; x_wconf 88' lang='lat' dir='ltr'>datus</span> <span class='ocrx_word' id='word_1_46' title='bbox 891 1000 927 1064; x_wconf 89' lang='lat' dir='ltr'>iu</span> <span class='ocrx_word' id='word_1_47' title='bbox 950 999 1128 1086; x_wconf 82' lang='lat' dir='ltr'>servitium,</span> <span class='ocrx_word' id='word_1_48' title='bbox 1151 1003 1342 1086; x_wconf 85' lang='lat' dir='ltr'>argumento</span> <span class='ocrx_word' id='word_1_49' title='bbox 1365 1001 1399 1066; x_wconf 86' lang='lat' dir='ltr'>iu</span> 
     </span>
     <span class='ocr_line' id='line_1_7' title="bbox 253 1104 1400 1192; baseline 0.002 -22"><span class='ocrx_word' id='word_1_50' title='bbox 253 1127 339 1170; x_wconf 83' lang='lat' dir='ltr'>nova</span> <span class='ocrx_word' id='word_1_51' title='bbox 366 1107 534 1174; x_wconf 80' lang='lat' dir='ltr'>comoedia</span> <span class='ocrx_word' id='word_1_52' title='bbox 561 1129 627 1174; x_wconf 91' lang='lat' dir='ltr'>non</span> <span class='ocrx_word' id='word_1_53' title='bbox 655 1107 860 1192; x_wconf 84' lang='lat' dir='ltr'>infrequenti.</span> <span class='ocrx_word' id='word_1_54' title='bbox 906 1104 1020 1191; x_wconf 86' lang='lat' dir='ltr'>Neque</span> <span class='ocrx_word' id='word_1_55' title='bbox 1043 1108 1129 1172; x_wconf 90' lang='lat' dir='ltr'>enim</span> <span class='ocrx_word' id='word_1_56' title='bbox 1153 1107 1218 1172; x_wconf 87' lang='lat' dir='ltr'>alia</span> <span class='ocrx_word' id='word_1_57' title='bbox 1239 1107 1325 1172; x_wconf 89' lang='lat' dir='ltr'>ratio</span> <span class='ocrx_word' id='word_1_58' title='bbox 1350 1111 1400 1173; x_wconf 89' lang='lat' dir='ltr'>est</span> 
     </span>
     <span class='ocr_line' id='line_1_8' title="bbox 253 1211 1399 1298; baseline 0.003 -22"><span class='ocrx_word' id='word_1_59' title='bbox 253 1211 397 1278; x_wconf 87' lang='lat' dir='ltr'>Plautini</span> <span class='ocrx_word' id='word_1_60' title='bbox 424 1235 535 1280; x_wconf 86' lang='lat' dir='ltr'>versus</span> <span class='ocrx_word' id='word_1_61' title='bbox 564 1211 661 1278; x_wconf 85' lang='lat' dir='ltr'>Mero.</span> <span class='ocrx_word' id='word_1_62' title='bbox 686 1213 751 1278; x_wconf 90' lang='grc'>616</span> <span class='ocrx_word' id='word_1_63' title='bbox 781 1211 885 1298; x_wconf 82' lang='lat' dir='ltr'>‘quoii</span> <span class='ocrx_word' id='word_1_64' title='bbox 913 1216 963 1277; x_wconf 87' lang='lat' dir='ltr'>est</span> <span class='ocrx_word' id='word_1_65' title='bbox 995 1214 1128 1297; x_wconf 82' lang='lat' dir='ltr'>empta?</span> <span class='ocrx_word' id='word_1_66' title='bbox 1142 1237 1150 1279; x_wconf 74' lang='grc' dir='ltr'><strong><em>ε</em></strong></span> <span class='ocrx_word' id='word_1_67' title='bbox 1164 1237 1172 1278; x_wconf 91' lang='lat'><strong>:</strong></span> <span class='ocrx_word' id='word_1_68' title='bbox 1186 1213 1295 1278; x_wconf 88' lang='lat' dir='ltr'>nescio</span> <span class='ocrx_word' id='word_1_69' title='bbox 1310 1237 1318 1277; x_wconf 73' lang='grc' dir='ltr'>ι</span> <span class='ocrx_word' id='word_1_70' title='bbox 1332 1213 1399 1279; x_wconf 88' lang='lat' dir='ltr'>iam</span> 
     </span>
     <span class='ocr_line' id='line_1_9' title="bbox 253 1315 1399 1406; baseline 0.003 -23"><span class='ocrx_word' id='word_1_71' title='bbox 253 1317 382 1384; x_wconf 80' lang='lat' dir='ltr'>addicta</span> <span class='ocrx_word' id='word_1_72' title='bbox 405 1323 502 1406; x_wconf 87' lang='lat' dir='ltr'>atque</span> <span class='ocrx_word' id='word_1_73' title='bbox 525 1319 666 1386; x_wconf 87' lang='lat' dir='ltr'>abducta</span> <span class='ocrx_word' id='word_1_74' title='bbox 689 1318 786 1403; x_wconf 87' lang='lat' dir='ltr'>erat&#39;‚</span> <span class='ocrx_word' id='word_1_75' title='bbox 809 1319 889 1384; x_wconf 88' lang='lat' dir='ltr'>item</span> <span class='ocrx_word' id='word_1_76' title='bbox 911 1315 1051 1384; x_wconf 69' lang='lat' dir='ltr'>Noniani</span> <span class='ocrx_word' id='word_1_77' title='bbox 1077 1319 1140 1386; x_wconf 89' lang='lat'>115</span> <span class='ocrx_word' id='word_1_78' title='bbox 1153 1319 1249 1385; x_wconf 87' lang='lat' dir='ltr'>Ribb.</span> <span class='ocrx_word' id='word_1_79' title='bbox 1274 1319 1399 1405; x_wconf 81' lang='lat' dir='ltr'>‘quanti</span> 
     </span>
     <span class='ocr_line' id='line_1_10' title="bbox 254 1417 1399 1512; baseline 0.003 -24"><span class='ocrx_word' id='word_1_80' title='bbox 254 1424 438 1492; x_wconf 84' lang='lat' dir='ltr'>addictust?</span> <span class='ocrx_word' id='word_1_81' title='bbox 455 1425 588 1492; x_wconf 78' lang='lat' dir='ltr'>:zmillc</span> <span class='ocrx_word' id='word_1_82' title='bbox 610 1423 805 1510; x_wconf 88' lang='lat' dir='ltr'>nummum’,</span> <span class='ocrx_word' id='word_1_83' title='bbox 839 1423 1042 1510; x_wconf 87' lang='lat' dir='ltr'>aliorumque</span> <span class='ocrx_word' id='word_1_84' title='bbox 1072 1417 1293 1510; x_wconf 81' lang='lat' dir='ltr'>exemplorum</span> <span class='ocrx_word' id='word_1_85' title='bbox 1317 1450 1399 1512; x_wconf 87' lang='lat' dir='ltr'>quae</span> 
     </span>
     <span class='ocr_line' id='line_1_11' title="bbox 253 1529 1396 1620; baseline 0.004 -25"><span class='ocrx_word' id='word_1_86' title='bbox 253 1529 519 1620; x_wconf 90' lang='lat' dir='ltr'>Maur.Voigtius</span> <span class='ocrx_word' id='word_1_87' title='bbox 542 1531 706 1618; x_wconf 81' lang='lat' dir='ltr'>congessit</span> <span class='ocrx_word' id='word_1_88' title='bbox 728 1530 783 1595; x_wconf 74' lang='lat' dir='ltr'>‘dc</span> <span class='ocrx_word' id='word_1_89' title='bbox 805 1531 874 1596; x_wconf 89' lang='lat' dir='ltr'>iurc</span> <span class='ocrx_word' id='word_1_90' title='bbox 897 1531 1040 1597; x_wconf 88' lang='lat' dir='ltr'>naturali</span> <span class='ocrx_word' id='word_1_91' title='bbox 1055 1531 1160 1598; x_wconf 71' lang='lat' dir='ltr'>Rom?</span> <span class='ocrx_word' id='word_1_92' title='bbox 1175 1532 1269 1617; x_wconf 90' lang='lat' dir='ltr'>III,l</span> <span class='ocrx_word' id='word_1_93' title='bbox 1291 1557 1323 1619; x_wconf 91' lang='lat' dir='ltr'>p.</span> <span class='ocrx_word' id='word_1_94' title='bbox 1336 1535 1396 1600; x_wconf 82' lang='lat'>191</span> 
     </span>
    </p>
   </div>
   <div class='ocr_carea' id='block_1_4' title="bbox 254 1639 425 1706">
    <p class='ocr_par' dir='ltr' id='par_1_4' title="bbox 254 1639 425 1706">
     <span class='ocr_line' id='line_1_12' title="bbox 254 1639 425 1706; baseline 0.012 -2"><span class='ocrx_word' id='word_1_95' title='bbox 254 1639 327 1705; x_wconf 88' lang='lat' dir='ltr'>adu.</span> <span class='ocrx_word' id='word_1_96' title='bbox 349 1639 425 1706; x_wconf 80' lang='lat'>245.</span> 
     </span>
    </p>
   </div>
   <div class='ocr_carea' id='block_1_5' title="bbox 252 1851 1396 2134">
    <p class='ocr_par' dir='ltr' id='par_1_5' title="bbox 252 1851 1396 2134">
     <span class='ocr_line' id='line_1_13' title="bbox 341 1851 1396 1941; baseline 0.002 -21"><span class='ocrx_word' id='word_1_97' title='bbox 341 1853 473 1920; x_wconf 84' lang='lat' dir='ltr'>Servius</span> <span class='ocrx_word' id='word_1_98' title='bbox 505 1853 540 1918; x_wconf 89' lang='lat' dir='ltr'>in</span> <span class='ocrx_word' id='word_1_99' title='bbox 563 1851 689 1939; x_wconf 82' lang='lat' dir='ltr'>Vergili</span> <span class='ocrx_word' id='word_1_100' title='bbox 723 1851 841 1940; x_wconf 83' lang='lat' dir='ltr'>Georg.</span> <span class='ocrx_word' id='word_1_101' title='bbox 863 1851 893 1936; x_wconf 86' lang='grc' dir='ltr'>Ι,</span> <span class='ocrx_word' id='word_1_102' title='bbox 918 1852 994 1917; x_wconf 83' lang='lat'>124:</span> <span class='ocrx_word' id='word_1_103' title='bbox 1028 1851 1216 1920; x_wconf 74' lang='lat' dir='ltr'>‘ueterum</span> <span class='ocrx_word' id='word_1_104' title='bbox 1248 1856 1396 1941; x_wconf 86' lang='lat' dir='ltr'>pigritia,</span> 
     </span>
     <span class='ocr_line' id='line_1_14' title="bbox 252 1959 1395 2046; baseline 0.003 -20"><span class='ocrx_word' id='word_1_105' title='bbox 252 1961 334 2027; x_wconf 92' lang='lat' dir='ltr'>otio:</span> <span class='ocrx_word' id='word_1_106' title='bbox 375 1962 451 2046; x_wconf 86' lang='lat' dir='ltr'>quia</span> <span class='ocrx_word' id='word_1_107' title='bbox 483 1962 672 2046; x_wconf 87' lang='lat' dir='ltr'>plerumque</span> <span class='ocrx_word' id='word_1_108' title='bbox 706 1960 829 2026; x_wconf 89' lang='lat' dir='ltr'>otiosos</span> <span class='ocrx_word' id='word_1_109' title='bbox 862 1959 946 2026; x_wconf 89' lang='lat' dir='ltr'>solet</span> <span class='ocrx_word' id='word_1_110' title='bbox 976 1960 1031 2026; x_wconf 89' lang='lat' dir='ltr'>hic</span> <span class='ocrx_word' id='word_1_111' title='bbox 1062 1960 1195 2028; x_wconf 89' lang='lat' dir='ltr'>morbus</span> <span class='ocrx_word' id='word_1_112' title='bbox 1227 1961 1395 2030; x_wconf 85' lang='lat' dir='ltr'>incessere.</span> 
     </span>
     <span class='ocr_line' id='line_1_15' title="bbox 252 2068 624 2134; baseline 0.003 -1"><span class='ocrx_word' id='word_1_113' title='bbox 252 2068 389 2134; x_wconf 87' lang='lat' dir='ltr'>Plautus</span> <span class='ocrx_word' id='word_1_114' title='bbox 413 2069 448 2134; x_wconf 88' lang='lat' dir='ltr'>in</span> <span class='ocrx_word' id='word_1_115' title='bbox 470 2068 624 2134; x_wconf 86' lang='lat' dir='ltr'>Addicto:</span> 
     </span>
    </p>
   </div>
   <div class='ocr_carea' id='block_1_6' title="bbox 363 2210 1431 2384">
    <p class='ocr_par' dir='ltr' id='par_1_6' title="bbox 363 2210 1431 2384">
     <span class='ocr_line' id='line_1_16' title="bbox 364 2210 1431 2297; baseline -0.001 -20"><span class='ocrx_word' id='word_1_116' title='bbox 364 2211 466 2296; x_wconf 88' lang='lat' dir='ltr'>Opus</span> <span class='ocrx_word' id='word_1_117' title='bbox 489 2211 617 2276; x_wconf 71' lang='lat' dir='ltr'>facere</span> <span class='ocrx_word' id='word_1_118' title='bbox 640 2210 759 2276; x_wconf 92' lang='lat' dir='ltr'>nimio</span> <span class='ocrx_word' id='word_1_119' title='bbox 783 2212 895 2295; x_wconf 73' lang='lat' dir='ltr'>quam</span> <span class='ocrx_word' id='word_1_120' title='bbox 918 2211 1087 2278; x_wconf 88' lang='lat' dir='ltr'>dormire</span> <span class='ocrx_word' id='word_1_121' title='bbox 1110 2213 1278 2297; x_wconf 70' lang='lat' dir='ltr'>miruolo:</span> <span class='ocrx_word' id='word_1_122' title='bbox 1415 2229 1431 2276; x_wconf 79' lang='lat' dir='ltr'>a</span> 
     </span>
     <span class='ocr_line' id='line_1_17' title="bbox 363 2317 732 2384; baseline 0 -2"><span class='ocrx_word' id='word_1_123' title='bbox 363 2317 570 2384; x_wconf 75' lang='lat' dir='ltr'>Veternum</span> <span class='ocrx_word' id='word_1_124' title='bbox 594 2320 732 2383; x_wconf 87' lang='lat' dir='ltr'>metuo.</span> 
     </span>
    </p>
   </div>
   <div class='ocr_carea' id='block_1_7' title="bbox 252 2461 1396 2760">
    <p class='ocr_par' dir='ltr' id='par_1_7' title="bbox 252 2461 1396 2760">
     <span class='ocr_line' id='line_1_18' title="bbox 254 2461 1396 2548; baseline 0.006 -24"><span class='ocrx_word' id='word_1_125' title='bbox 254 2465 406 2526; x_wconf 87' lang='lat' dir='ltr'>ueternus</span> <span class='ocrx_word' id='word_1_126' title='bbox 430 2465 538 2527; x_wconf 90' lang='lat' dir='ltr'>autem</span> <span class='ocrx_word' id='word_1_127' title='bbox 562 2462 682 2527; x_wconf 89' lang='lat' dir='ltr'>dicitur</span> <span class='ocrx_word' id='word_1_128' title='bbox 704 2462 837 2527; x_wconf 89' lang='lat' dir='ltr'>morbus</span> <span class='ocrx_word' id='word_1_129' title='bbox 861 2461 1004 2527; x_wconf 86' lang='lat' dir='ltr'>intercus</span> <span class='ocrx_word' id='word_1_130' title='bbox 1027 2461 1047 2526; x_wconf 91' lang='lat' dir='ltr'>i.</span> <span class='ocrx_word' id='word_1_131' title='bbox 1068 2483 1093 2526; x_wconf 85' lang='lat' dir='ltr'>c.</span> <span class='ocrx_word' id='word_1_132' title='bbox 1116 2462 1239 2546; x_wconf 80' lang='grc' dir='ltr'>ὕδρωψ,</span> <span class='ocrx_word' id='word_1_133' title='bbox 1263 2463 1317 2548; x_wconf 90' lang='lat' dir='ltr'>qui</span> <span class='ocrx_word' id='word_1_134' title='bbox 1340 2463 1396 2532; x_wconf 94' lang='lat' dir='ltr'>ho-</span> 
     </span>
     <span class='ocr_line' id='line_1_19' title="bbox 253 2565 1396 2654; baseline 0.004 -23"><span class='ocrx_word' id='word_1_135' title='bbox 253 2567 356 2632; x_wconf 84' lang='lat' dir='ltr'>mines</span> <span class='ocrx_word' id='word_1_136' title='bbox 380 2567 482 2634; x_wconf 84' lang='lat' dir='ltr'>efficit</span> <span class='ocrx_word' id='word_1_137' title='bbox 503 2567 615 2654; x_wconf 88' lang='lat' dir='ltr'>pigros</span> <span class='ocrx_word' id='word_1_138' title='bbox 623 2567 642 2632; x_wconf 94' lang='lat'>&#39;.</span> <span class='ocrx_word' id='word_1_139' title='bbox 656 2605 699 2613; x_wconf 90' lang='lat'>—</span> <span class='ocrx_word' id='word_1_140' title='bbox 714 2565 917 2633; x_wconf 82' lang='lat' dir='ltr'>‘ueternum&#39;</span> <span class='ocrx_word' id='word_1_141' title='bbox 931 2567 1031 2634; x_wconf 89' lang='lat' dir='ltr'>habes</span> <span class='ocrx_word' id='word_1_142' title='bbox 1055 2568 1153 2632; x_wconf 89' lang='lat' dir='ltr'>etiam</span> <span class='ocrx_word' id='word_1_143' title='bbox 1173 2568 1206 2632; x_wconf 90' lang='lat' dir='ltr'>in</span> <span class='ocrx_word' id='word_1_144' title='bbox 1226 2568 1396 2636; x_wconf 86' lang='lat' dir='ltr'>Menaech-</span> 
     </span>
     <span class='ocr_line' id='line_1_20' title="bbox 252 2673 1360 2760; baseline 0.004 -22"><span class='ocrx_word' id='word_1_145' title='bbox 252 2673 314 2739; x_wconf 88' lang='lat' dir='ltr'>mis</span> <span class='ocrx_word' id='word_1_146' title='bbox 338 2698 366 2740; x_wconf 66' lang='grc' dir='ltr'>ν.</span> <span class='ocrx_word' id='word_1_147' title='bbox 390 2675 469 2742; x_wconf 87' lang='lat'><strong>891:</strong></span> <span class='ocrx_word' id='word_1_148' title='bbox 494 2675 587 2740; x_wconf 78' lang='lat' dir='ltr'>‘num</span> <span class='ocrx_word' id='word_1_149' title='bbox 611 2696 684 2742; x_wconf 89' lang='lat' dir='ltr'>eum</span> <span class='ocrx_word' id='word_1_150' title='bbox 707 2677 858 2740; x_wconf 86' lang='lat' dir='ltr'>ueternus</span> <span class='ocrx_word' id='word_1_151' title='bbox 881 2678 939 2740; x_wconf 90' lang='lat' dir='ltr'>aut</span> <span class='ocrx_word' id='word_1_152' title='bbox 961 2697 1045 2760; x_wconf 91' lang='lat' dir='ltr'>aqua</span> <span class='ocrx_word' id='word_1_153' title='bbox 1068 2675 1209 2743; x_wconf 87' lang='lat' dir='ltr'>intercus</span> <span class='ocrx_word' id='word_1_154' title='bbox 1231 2677 1360 2743; x_wconf 83' lang='lat' dir='ltr'>tenet?’</span> 
     </span>
    </p>
   </div>
   <div class='ocr_carea' id='block_1_8' title="bbox 635 2993 1013 3063">
    <p class='ocr_par' dir='ltr' id='par_1_8' title="bbox 635 2993 1013 3063">
     <span class='ocr_line' id='line_1_21' title="bbox 635 2993 1013 3063; baseline 0 -1"><span class='ocrx_word' id='word_1_155' title='bbox 635 2996 694 3063; x_wconf 90' lang='grc' dir='ltr'>ΠΙ.</span> <span class='ocrx_word' id='word_1_156' title='bbox 739 2993 1013 3063; x_wconf 79' lang='lat' dir='ltr'>AGROEOVS.</span> 
     </span>
    </p>
   </div>
   <div class='ocr_carea' id='block_1_9' title="bbox 247 3138 1395 4610">
    <p class='ocr_par' dir='ltr' id='par_1_9' title="bbox 247 3138 1395 4610">
     <span class='ocr_line' id='line_1_22' title="bbox 339 3138 1395 3226; baseline 0.001 -21"><span class='ocrx_word' id='word_1_157' title='bbox 339 3138 510 3219; x_wconf 85' lang='grc' dir='ltr'>Ἀγροικον</span> <span class='ocrx_word' id='word_1_158' title='bbox 534 3161 550 3204; x_wconf 90' lang='lat' dir='ltr'>e</span> <span class='ocrx_word' id='word_1_159' title='bbox 573 3161 677 3206; x_wconf 88' lang='lat' dir='ltr'>novae</span> <span class='ocrx_word' id='word_1_160' title='bbox 701 3139 886 3206; x_wconf 87' lang='lat' dir='ltr'>comoediae</span> <span class='ocrx_word' id='word_1_161' title='bbox 910 3140 1016 3225; x_wconf 86' lang='lat' dir='ltr'>poetis</span> <span class='ocrx_word' id='word_1_162' title='bbox 1039 3138 1187 3204; x_wconf 88' lang='lat' dir='ltr'>Philemo</span> <span class='ocrx_word' id='word_1_163' title='bbox 1211 3140 1395 3226; x_wconf 83' lang='lat' dir='ltr'>scripserat,</span> 
     </span>
     <span class='ocr_line' id='line_1_23' title="bbox 249 3244 1394 3332; baseline 0 -20"><span class='ocrx_word' id='word_1_164' title='bbox 249 3247 503 3328; x_wconf 81' lang='grc' dir='ltr'>Ὑποβολιμαῖον</span> <span class='ocrx_word' id='word_1_165' title='bbox 530 3249 549 3327; x_wconf 85' lang='grc' dir='ltr'>ἢ</span> <span class='ocrx_word' id='word_1_166' title='bbox 577 3246 753 3326; x_wconf 88' lang='grc' dir='ltr'>Ἄγροικον·</span> <span class='ocrx_word' id='word_1_167' title='bbox 776 3245 961 3312; x_wconf 82' lang='lat' dir='ltr'>Menander.</span> <span class='ocrx_word' id='word_1_168' title='bbox 1007 3244 1165 3312; x_wconf 88' lang='lat' dir='ltr'>Graecam</span> <span class='ocrx_word' id='word_1_169' title='bbox 1194 3251 1304 3312; x_wconf 85' lang='lat' dir='ltr'>autem</span> <span class='ocrx_word' id='word_1_170' title='bbox 1326 3248 1394 3332; x_wconf 91' lang='lat' dir='ltr'>pal-</span> 
     </span>
     <span class='ocr_line' id='line_1_24' title="bbox 250 3351 1393 3438; baseline 0.003 -22"><span class='ocrx_word' id='word_1_171' title='bbox 250 3351 349 3418; x_wconf 88' lang='lat' dir='ltr'>liatae</span> <span class='ocrx_word' id='word_1_172' title='bbox 372 3351 627 3438; x_wconf 80' lang='lat' dir='ltr'>appellationem</span> <span class='ocrx_word' id='word_1_173' title='bbox 650 3351 887 3438; x_wconf 72' lang='lat' dir='ltr'>‘Agroecus&#39;‚</span> <span class='ocrx_word' id='word_1_174' title='bbox 917 3353 969 3418; x_wconf 78' lang='lat' dir='ltr'>rel</span> <span class='ocrx_word' id='word_1_175' title='bbox 992 3352 1090 3418; x_wconf 87' lang='lat' dir='ltr'>etiam</span> <span class='ocrx_word' id='word_1_176' title='bbox 1113 3353 1232 3418; x_wconf 88' lang='lat' dir='ltr'>rectius</span> <span class='ocrx_word' id='word_1_177' title='bbox 1255 3357 1292 3419; x_wconf 93' lang='lat' dir='ltr'>ut</span> <span class='ocrx_word' id='word_1_178' title='bbox 1315 3359 1393 3438; x_wconf 92' lang='lat' dir='ltr'>puto</span> 
     </span>
     <span class='ocr_line' id='line_1_25' title="bbox 251 3457 1394 3545; baseline 0 -21"><span class='ocrx_word' id='word_1_179' title='bbox 251 3458 483 3545; x_wconf 78' lang='lat' dir='ltr'>‘Agroecos&#39;‚</span> <span class='ocrx_word' id='word_1_180' title='bbox 503 3481 522 3524; x_wconf 91' lang='lat' dir='ltr'>a</span> <span class='ocrx_word' id='word_1_181' title='bbox 542 3457 713 3524; x_wconf 82' lang='lat' dir='ltr'>Plautinae</span> <span class='ocrx_word' id='word_1_182' title='bbox 739 3459 868 3543; x_wconf 91' lang='lat' dir='ltr'>quidem</span> <span class='ocrx_word' id='word_1_183' title='bbox 894 3461 973 3524; x_wconf 90' lang='lat' dir='ltr'>artis</span> <span class='ocrx_word' id='word_1_184' title='bbox 1000 3461 1230 3525; x_wconf 86' lang='lat' dir='ltr'>consuetudine</span> <span class='ocrx_word' id='word_1_185' title='bbox 1254 3461 1394 3526; x_wconf 87' lang='lat' dir='ltr'>alienam</span> 
     </span>
     <span class='ocr_line' id='line_1_26' title="bbox 250 3565 1394 3652; baseline -0.001 -21"><span class='ocrx_word' id='word_1_186' title='bbox 250 3567 349 3632; x_wconf 81' lang='lat' dir='ltr'>fuisse</span> <span class='ocrx_word' id='word_1_187' title='bbox 368 3565 494 3631; x_wconf 86' lang='lat' dir='ltr'>ostendi</span> <span class='ocrx_word' id='word_1_188' title='bbox 513 3565 678 3650; x_wconf 87' lang='lat' dir='ltr'>Parcrgon</span> <span class='ocrx_word' id='word_1_189' title='bbox 696 3589 727 3650; x_wconf 93' lang='lat' dir='ltr'>p.</span> <span class='ocrx_word' id='word_1_190' title='bbox 745 3567 808 3631; x_wconf 81' lang='lat'>142</span> <span class='ocrx_word' id='word_1_191' title='bbox 819 3589 905 3651; x_wconf 91' lang='lat' dir='ltr'>sqq.:</span> <span class='ocrx_word' id='word_1_192' title='bbox 929 3565 985 3630; x_wconf 88' lang='lat' dir='ltr'>illc</span> <span class='ocrx_word' id='word_1_193' title='bbox 1004 3567 1089 3630; x_wconf 85' lang='lat' dir='ltr'>enim</span> <span class='ocrx_word' id='word_1_194' title='bbox 1109 3571 1166 3632; x_wconf 87' lang='lat' dir='ltr'>aut</span> <span class='ocrx_word' id='word_1_195' title='bbox 1181 3565 1394 3652; x_wconf 79' lang='lat' dir='ltr'>‘Agricolam&#39;</span> 
     </span>
     <span class='ocr_line' id='line_1_27' title="bbox 249 3670 1393 3757; baseline -0.001 -18"><span class='ocrx_word' id='word_1_196' title='bbox 249 3672 469 3757; x_wconf 86' lang='lat' dir='ltr'>inscripsisset</span> <span class='ocrx_word' id='word_1_197' title='bbox 490 3675 528 3736; x_wconf 92' lang='lat' dir='ltr'>ut</span> <span class='ocrx_word' id='word_1_198' title='bbox 550 3671 685 3756; x_wconf 79' lang='lat' dir='ltr'>Novius,</span> <span class='ocrx_word' id='word_1_199' title='bbox 708 3677 766 3738; x_wconf 89' lang='lat' dir='ltr'>aut</span> <span class='ocrx_word' id='word_1_200' title='bbox 789 3671 992 3738; x_wconf 75' lang='lat' dir='ltr'>‘Rusticum’</span> <span class='ocrx_word' id='word_1_201' title='bbox 1016 3676 1052 3738; x_wconf 88' lang='lat' dir='ltr'>ut</span> <span class='ocrx_word' id='word_1_202' title='bbox 1074 3670 1280 3757; x_wconf 88' lang='lat' dir='ltr'>Pomponius.</span> <span class='ocrx_word' id='word_1_203' title='bbox 1326 3672 1393 3738; x_wconf 88' lang='lat' dir='ltr'>Ab·</span> 
     </span>
     <span class='ocr_line' id='line_1_28' title="bbox 249 3777 1392 3864; baseline 0 -20"><span class='ocrx_word' id='word_1_204' title='bbox 249 3779 475 3864; x_wconf 82' lang='lat' dir='ltr'>iudicabatquc</span> <span class='ocrx_word' id='word_1_205' title='bbox 498 3778 582 3844; x_wconf 86' lang='lat' dir='ltr'>hanc</span> <span class='ocrx_word' id='word_1_206' title='bbox 605 3779 711 3864; x_wconf 86' lang='lat' dir='ltr'>ipsam</span> <span class='ocrx_word' id='word_1_207' title='bbox 735 3803 755 3844; x_wconf 90' lang='lat' dir='ltr'>a</span> <span class='ocrx_word' id='word_1_208' title='bbox 776 3779 894 3846; x_wconf 90' lang='lat' dir='ltr'>Plauto</span> <span class='ocrx_word' id='word_1_209' title='bbox 917 3777 952 3844; x_wconf 88' lang='lat' dir='ltr'>L.</span> <span class='ocrx_word' id='word_1_210' title='bbox 976 3778 1118 3844; x_wconf 86' lang='lat' dir='ltr'>Accius</span> <span class='ocrx_word' id='word_1_211' title='bbox 1143 3779 1227 3863; x_wconf 91' lang='lat' dir='ltr'>apud</span> <span class='ocrx_word' id='word_1_212' title='bbox 1251 3778 1392 3844; x_wconf 84' lang='lat' dir='ltr'>Gellium</span> 
     </span>
     <span class='ocr_line' id='line_1_29' title="bbox 249 3883 1392 3969; baseline 0.001 -19"><span class='ocrx_word' id='word_1_213' title='bbox 249 3885 311 3969; x_wconf 87' lang='grc' dir='ltr'>ΙΙΙ,</span> <span class='ocrx_word' id='word_1_214' title='bbox 334 3886 365 3969; x_wconf 83' lang='grc'>3,</span> <span class='ocrx_word' id='word_1_215' title='bbox 388 3885 408 3950; x_wconf 89' lang='lat'>9</span> <span class='ocrx_word' id='word_1_216' title='bbox 432 3883 484 3951; x_wconf 83' lang='lat' dir='ltr'>his</span> <span class='ocrx_word' id='word_1_217' title='bbox 507 3887 629 3952; x_wconf 84' lang='lat' dir='ltr'>v’erbis:</span> <span class='ocrx_word' id='word_1_218' title='bbox 653 3885 713 3953; x_wconf 74' lang='lat' dir='ltr'>‘ll</span> <span class='ocrx_word' id='word_1_219' title='bbox 736 3890 846 3952; x_wconf 84' lang='lat' dir='ltr'>tamen</span> <span class='ocrx_word' id='word_1_220' title='bbox 860 3885 966 3952; x_wconf 87' lang='lat' dir='ltr'>Varro</span> <span class='ocrx_word' id='word_1_221' title='bbox 989 3885 1024 3950; x_wconf 93' lang='lat' dir='ltr'>in</span> <span class='ocrx_word' id='word_1_222' title='bbox 1046 3885 1130 3951; x_wconf 92' lang='lat' dir='ltr'>libro</span> <span class='ocrx_word' id='word_1_223' title='bbox 1154 3884 1192 3949; x_wconf 92' lang='lat' dir='ltr'>de</span> <span class='ocrx_word' id='word_1_224' title='bbox 1216 3885 1392 3951; x_wconf 86' lang='lat' dir='ltr'>comoediis</span> 
     </span>
     <span class='ocr_line' id='line_1_30' title="bbox 249 3989 1392 4079; baseline -0.001 -22"><span class='ocrx_word' id='word_1_225' title='bbox 249 3991 411 4058; x_wconf 88' lang='lat' dir='ltr'>Plautinis</span> <span class='ocrx_word' id='word_1_226' title='bbox 434 3993 539 4078; x_wconf 90' lang='lat' dir='ltr'>primo</span> <span class='ocrx_word' id='word_1_227' title='bbox 562 3993 654 4060; x_wconf 84' lang='lat' dir='ltr'>Accii</span> <span class='ocrx_word' id='word_1_228' title='bbox 677 3993 778 4060; x_wconf 87' lang='lat' dir='ltr'>uerba</span> <span class='ocrx_word' id='word_1_229' title='bbox 800 3993 880 4060; x_wconf 90' lang='lat' dir='ltr'>haec</span> <span class='ocrx_word' id='word_1_230' title='bbox 902 3995 1008 4079; x_wconf 86' lang='lat' dir='ltr'>ponit:</span> <span class='ocrx_word' id='word_1_231' title='bbox 1045 4014 1221 4060; x_wconf 71' lang='lat' dir='ltr'>cnam-nec</span> <span class='ocrx_word' id='word_1_232' title='bbox 1244 3989 1392 4057; x_wconf 85' lang='lat' dir='ltr'>Geminei</span> 
     </span>
     <span class='ocr_line' id='line_1_31' title="bbox 249 4096 1393 4184; baseline -0.002 -18"><span class='ocrx_word' id='word_1_233' title='bbox 249 4101 380 4166; x_wconf 88' lang='lat' dir='ltr'>lenones</span> <span class='ocrx_word' id='word_1_234' title='bbox 407 4121 466 4165; x_wconf 89' lang='lat' dir='ltr'>nec</span> <span class='ocrx_word' id='word_1_235' title='bbox 490 4096 681 4165; x_wconf 79' lang='lat' dir='ltr'>Condalium</span> <span class='ocrx_word' id='word_1_236' title='bbox 709 4121 768 4165; x_wconf 88' lang='lat' dir='ltr'>nec</span> <span class='ocrx_word' id='word_1_237' title='bbox 791 4099 882 4165; x_wconf 83' lang='lat' dir='ltr'>Anus</span> <span class='ocrx_word' id='word_1_238' title='bbox 905 4100 1014 4166; x_wconf 86' lang='lat' dir='ltr'>Plauti</span> <span class='ocrx_word' id='word_1_239' title='bbox 1042 4123 1101 4166; x_wconf 90' lang='lat' dir='ltr'>nec</span> <span class='ocrx_word' id='word_1_240' title='bbox 1124 4099 1181 4166; x_wconf 88' lang='lat' dir='ltr'>Bis</span> <span class='ocrx_word' id='word_1_241' title='bbox 1205 4120 1393 4184; x_wconf 88' lang='lat' dir='ltr'>compressa</span> 
     </span>
     <span class='ocr_line' id='line_1_32' title="bbox 248 4201 1391 4292; baseline -0.001 -21"><span class='ocrx_word' id='word_1_242' title='bbox 248 4228 307 4272; x_wconf 90' lang='lat' dir='ltr'>nec</span> <span class='ocrx_word' id='word_1_243' title='bbox 329 4204 468 4273; x_wconf 90' lang='lat' dir='ltr'>Boeotia</span> <span class='ocrx_word' id='word_1_244' title='bbox 491 4227 644 4290; x_wconf 90' lang='lat' dir='ltr'>umquam</span> <span class='ocrx_word' id='word_1_245' title='bbox 667 4206 743 4290; x_wconf 86' lang='lat' dir='ltr'>fuit,</span> <span class='ocrx_word' id='word_1_246' title='bbox 766 4227 869 4291; x_wconf 87' lang='lat' dir='ltr'>neque</span> <span class='ocrx_word' id='word_1_247' title='bbox 893 4206 972 4272; x_wconf 90' lang='lat' dir='ltr'>adeo</span> <span class='ocrx_word' id='word_1_248' title='bbox 987 4206 1155 4292; x_wconf 85' lang='lat' dir='ltr'>Agroecus</span> <span class='ocrx_word' id='word_1_249' title='bbox 1177 4227 1282 4290; x_wconf 88' lang='lat' dir='ltr'>neque</span> <span class='ocrx_word' id='word_1_250' title='bbox 1297 4201 1391 4270; x_wconf 76' lang='lat' dir='ltr'>(lom-</span> 
     </span>
     <span class='ocr_line' id='line_1_33' title="bbox 251 4309 1391 4395; baseline 0 -17"><span class='ocrx_word' id='word_1_251' title='bbox 251 4314 425 4380; x_wconf 87' lang='lat' dir='ltr'>moricntes</span> <span class='ocrx_word' id='word_1_252' title='bbox 449 4311 553 4377; x_wconf 89' lang='lat' dir='ltr'>Macci</span> <span class='ocrx_word' id='word_1_253' title='bbox 576 4309 691 4378; x_wconf 69' lang='lat' dir='ltr'>Titia&#39;.</span> <span class='ocrx_word' id='word_1_254' title='bbox 715 4347 756 4359; x_wconf 89' lang='lat'><em>-</em></span> <span class='ocrx_word' id='word_1_255' title='bbox 780 4311 848 4378; x_wconf 90' lang='lat' dir='ltr'>Vbi</span> <span class='ocrx_word' id='word_1_256' title='bbox 871 4311 990 4377; x_wconf 68' lang='lat' dir='ltr'>knoces</span> <span class='ocrx_word' id='word_1_257' title='bbox 1012 4333 1072 4395; x_wconf 88' lang='lat' dir='ltr'>pro</span> <span class='ocrx_word' id='word_1_258' title='bbox 1096 4312 1193 4378; x_wconf 74' lang='lat' dir='ltr'>leones</span> <span class='ocrx_word' id='word_1_259' title='bbox 1214 4334 1297 4378; x_wconf 89' lang='lat' dir='ltr'>unus</span> <span class='ocrx_word' id='word_1_260' title='bbox 1320 4315 1391 4378; x_wconf 86' lang='lat' dir='ltr'>tan·</span> 
     </span>
     <span class='ocr_line' id='line_1_34' title="bbox 247 4417 1391 4504; baseline -0.002 -20"><span class='ocrx_word' id='word_1_261' title='bbox 247 4424 317 4485; x_wconf 90' lang='lat' dir='ltr'>tum</span> <span class='ocrx_word' id='word_1_262' title='bbox 341 4418 439 4486; x_wconf 84' lang='lat' dir='ltr'>codex</span> <span class='ocrx_word' id='word_1_263' title='bbox 463 4419 613 4504; x_wconf 84' lang='lat' dir='ltr'>servarit,</span> <span class='ocrx_word' id='word_1_264' title='bbox 635 4418 670 4482; x_wconf 90' lang='lat' dir='ltr'>in</span> <span class='ocrx_word' id='word_1_265' title='bbox 692 4418 962 4503; x_wconf 89' lang='lat' dir='ltr'>interpolatorum</span> <span class='ocrx_word' id='word_1_266' title='bbox 986 4419 1094 4482; x_wconf 82' lang='lat' dir='ltr'>autem</span> <span class='ocrx_word' id='word_1_267' title='bbox 1117 4419 1210 4502; x_wconf 85' lang='lat' dir='ltr'>parte</span> <span class='ocrx_word' id='word_1_268' title='bbox 1233 4417 1391 4502; x_wconf 90' lang='lat' dir='ltr'>scriptum</span> 
     </span>
     <span class='ocr_line' id='line_1_35' title="bbox 249 4519 1390 4610; baseline -0.001 -20"><span class='ocrx_word' id='word_1_269' title='bbox 249 4530 299 4591; x_wconf 85' lang='lat' dir='ltr'>est</span> <span class='ocrx_word' id='word_1_270' title='bbox 321 4527 439 4610; x_wconf 78' lang='lat' dir='ltr'>pernici</span> <span class='ocrx_word' id='word_1_271' title='bbox 467 4547 520 4594; x_wconf 81' lang='lat' dir='ltr'>acc</span> <span class='ocrx_word' id='word_1_272' title='bbox 547 4528 656 4610; x_wconf 56' lang='lat' dir='ltr'>leonem</span> <span class='ocrx_word' id='word_1_273' title='bbox 679 4547 724 4572; x_wconf 78' lang='grc'>’-</span> <span class='ocrx_word' id='word_1_274' title='bbox 750 4525 785 4589; x_wconf 90' lang='lat' dir='ltr'>in</span> <span class='ocrx_word' id='word_1_275' title='bbox 811 4525 875 4590; x_wconf 92' lang='lat' dir='ltr'>fine</span> <span class='ocrx_word' id='word_1_276' title='bbox 897 4523 1003 4589; x_wconf 85' lang='lat' dir='ltr'>Macci</span> <span class='ocrx_word' id='word_1_277' title='bbox 1027 4521 1093 4588; x_wconf 78' lang='lat' dir='ltr'>Titi</span> <span class='ocrx_word' id='word_1_278' title='bbox 1116 4519 1150 4609; x_wconf 90' lang='lat' dir='ltr'>(i.</span> <span class='ocrx_word' id='word_1_279' title='bbox 1174 4544 1200 4587; x_wconf 89' lang='lat' dir='ltr'>e.</span> <span class='ocrx_word' id='word_1_280' title='bbox 1223 4519 1348 4609; x_wconf 86' lang='lat' dir='ltr'>Plauti)</span> <span class='ocrx_word' id='word_1_281' title='bbox 1372 4545 1390 4589; x_wconf 87' lang='lat' dir='ltr'>c</span> 
     </span>
    </p>
   </div>
   <div class='ocr_carea' id='block_1_10' title="bbox 1635 3812 1638 4450">
    <p class='ocr_par' dir='ltr' id='par_1_10' title="bbox 1635 3812 1638 4450">
     <span class='ocr_line' id='line_1_36' title="bbox 1635 3812 1638 4450; baseline 0 0"><span class='ocrx_word' id='word_1_282' title='bbox 1635 3812 1638 4450; x_wconf 95' lang='lat' dir='ltr'> </span> 
     </span>
    </p>
   </div>
   <div class='ocr_carea' id='block_1_11' title="bbox 0 0 1642 5114">
    <p class='ocr_par' dir='ltr' id='par_1_11' title="bbox 0 0 1642 5114">
     <span class='ocr_line' id='line_1_37' title="bbox 0 0 1642 5114; baseline 0 1"><span class='ocrx_word' id='word_1_283' title='bbox 0 0 1642 5114; x_wconf 95' lang='lat' dir='ltr'> </span> 
     </span>
    </p>
   </div>
  </div>
 </body>
</html>
