3274 5114
578 399 796 447 resonamus
818 399 1005 447 rasurum.
1296 379 1361 445 201

215 543 423 630 potissimum
450 548 520 610 tum
547 561 640 608 rarae
667 565 705 608 ac
733 543 895 628 pretiosas
923 543 1028 627 obque
1056 541 1090 606 id
1117 541 1226 625 ipsum
1250 539 1290 604 ad
1312 561 1362 604 re·

216 651 488 737 cognoscendam,
515 671 596 736 quae
624 650 789 736 periisset,
816 648 1017 715 Palaestram
1044 649 1096 714 rel
1119 645 1276 714 Silenium
1305 647 1365 712 ali-

218 779 315 842 quam
332 757 494 842 imprimis
513 757 725 824 commodae?
748 756 822 821 inde
841 759 948 822 autem
963 755 1143 822 Bscnnmn
1162 775 1281 822 nomen
1299 753 1363 840 ipsi

216 864 347 930 fabulae
375 864 454 929 item
482 864 551 930 indi
578 867 616 929 nt
638 885 658 928 a
681 863 808 928 cistella
830 861 1115 929 &scammuse
1160 862 1364 948 Quamquam

216 972 294 1038 licet
321 971 466 1056 prolecto
494 969 595 1035 etiam
623 969 689 1034 alia
716 969 933 1054 comminisci,
961 970 1050 1034 velut
1073 969 1205 1054 aliquod
1228 967 1366 1035 ‘monile

217 1077 380 1144 bacatum'
404 1078 455 1143 vel
479 1073 631 1142 ‘inaures'
656 1075 790 1140 baeatus
799 1072 850 1159 ¹⁵),
877 1075 966 1159 quali
988 1079 1179 1142 ornamento
1204 1077 1254 1142 vel
1279 1097 1366 1142 ama-

219 1185 302 1250 siam
326 1188 453 1250 amator
474 1183 526 1248 vel
549 1185 652 1248 semet
675 1181 792 1267 aliquis
816 1180 869 1248 fur
891 1182 1037 1247 beaverit
1059 1187 1092 1247 ct
1115 1183 1210 1267 siqua
1231 1187 1307 1250 sunt
1325 1183 1366 1248 si-

219 1292 322 1357 milia:
355 1291 483 1376 quando
515 1291 615 1355 talem
647 1288 897 1375 margaritarum
930 1311 1023 1355 usum
1053 1289 1120 1355 iam
1147 1291 1366 1375 antiquissimi
1438 1285 1443 1294 ’

220 1400 320 1462 testes
343 1398 535 1462 confirmant
555 1395 698 1481 adlegati
718 1394 759 1459 ab
778 1393 947 1460 Athenaeo
966 1394 1017 1458 ΙΙΙ
1035 1417 1066 1478 p.
1085 1395 1157 1460 93⁸
1174 1400 1208 1461 et
1221 1397 1245 1482 ⁶,
1263 1397 1366 1464 Theo-

220 1503 372 1588 phrastus
396 1503 469 1583 περὶ
493 1503 591 1568 λίθων
609 1499 644 1588 (ᾗ
663 1500 721 1587 36)
745 1504 777 1566 et
801 1499 921 1567 Chares
945 1501 1162 1586 Mytilenaeas
1185 1505 1222 1570 ἐν
1245 1505 1363 1591 ἑβδόμῃ

218 1613 284 1675 τῶν
307 1611 380 1690 περὶ
394 1609 605 1690 Ἀλέξανδρον
623 1609 779 1688 ἱετοριῶν,
803 1607 858 1672 ille
878 1607 1006 1691 quidem
1024 1607 1075 1673 his
1092 1609 1213 1676 verbis:
1240 1617 1364 1678 uovotcv

222 1714 250 1780 δ’
272 1717 305 1784 ἐξ
334 1717 433 1783 αὐτοῦ
463 1719 539 1783 τοὺ(
562 1719 752 1782 πολυτελεῖ(
775 1715 907 1795 ὅρμους,
935 1713 986 1779 his
1011 1717 1119 1780 autem
1143 1717 1237 1782 alter:
1269 1739 1363 1783 κατα-

223 1823 402 1891 (κευάζουει
426 1823 455 1889 δ’
476 1826 509 1891 ἐξ
534 1824 642 1889 αὐτῶν
661 1824 827 1902 ὁρμίεκουε
845 1843 880 1888 τε
900 1823 951 1886 καὶ
969 1823 1067 1902 ψέλια
1088 1823 1162 1904 περὶ
1180 1823 1237 1888 τὰ(
1255 1827 1364 1904 χεῖρα(

219 1932 270 1996 καὶ
292 1934 368 1997 τοὺ(
391 1931 501 1996 πόδας.
526 1967 569 1976 -
593 1927 683 1994 Haec
705 1928 808 2013 igitur
831 1928 859 1992 si
882 1927 1097 2011 probabiliter
1119 1929 1364 2015 disputavimus,

220 2039 322 2103 restat
348 2041 385 2102 ut
413 2035 515 2102 ‘baca'
540 2035 689 2101 vocabuli
712 2056 790 2099 usus
813 2034 984 2100 Plautinus
1008 2035 1222 2121 inquantum
1246 2038 1368 2123 poterit

220 2142 417 2209 defendatur.
466 2141 581 2227 Itaque
607 2141 781 2208 Horatium
810 2141 1055 2227 Vergiliumque
1088 2145 1242 2228 quoniam
1271 2167 1366 2210 nemo

220 2249 366 2334 profecto
391 2249 455 2314 sibi
478 2249 687 2334 persuadebit
709 2249 747 2314 de
772 2270 831 2313 suo
855 2248 986 2312 finxisse
1010 2271 1082 2313 eam
1100 2248 1139 2314 de
1158 2274 1221 2334 qua
1240 2249 1366 2336 agimus

221 2356 502 2442 significationem,
525 2377 656 2441 prorsus
681 2354 833 2420 credibile
857 2357 907 2419 est
924 2353 1099 2439 Romanos,
1122 2355 1178 2420 ubi
1201 2356 1307 2440 prima
1326 2357 1366 2420 ad

219 2483 272 2526 eos
305 2463 557 2549 margaritarum
588 2461 724 2545 notitia,
759 2461 899 2526 fortasse
931 2483 989 2545 per
1021 2459 1159 2528 Punicos
1191 2461 1368 2546 institores,

220 2567 382 2652 pervenit,
410 2569 575 2654 sigorae
599 2567 811 2632 similitudine
833 2566 900 2632 illis
924 2567 1078 2632 bacarum
1102 2589 1219 2634 nomen
1242 2569 1368 2656 fecisse,

221 2679 297 2758 post
328 2674 457 2740 demum
490 2674 683 2740 successisse
716 2695 735 2738 a
763 2672 895 2738 Graecis
925 2677 1089 2759 receptam
1116 2677 1368 2761 margaritarum

223 2780 488 2866 appellationem,
517 2801 599 2865 quae
623 2779 767 2865 quidem,
794 2783 831 2844 ut
853 2801 937 2845 nunc
959 2799 1011 2844 res
1035 2785 1098 2864 est,
1126 2782 1367 2866 antiquissimos

221 2891 369 2953 auctores
397 2885 578 2953 Varronem
611 2890 643 2952 st
671 2884 861 2952 Ciceronem
892 2885 1002 2952 habet.
1052 2886 1231 2952 Pristinum
1260 2893 1367 2953 autem

222 2993 430 3072 vocabulum,
452 2993 539 3058 haud
562 2993 658 3058 dubie
681 2996 899 3079 propagatum
923 2993 1154 3059 consuetudine
1178 2995 1277 3082 vulgi,
1299 3017 1366 3060 non

223 3105 272 3167 est
302 3101 422 3166 mirum
450 3122 598 3166 servasse
625 3099 806 3184 dactylicos
834 3102 962 3184 poetas,
994 3104 1032 3165 ut
1059 3122 1196 3185 quorum
1223 3103 1367 3168 numeris

220 3208 439 3293 refragaretur
466 3227 617 3292 graecum
646 3227 778 3272 nomen:
810 3203 907 3272 huius
939 3205 1025 3272 enim
1058 3209 1367 3293 antepaenultimam

220 3317 348 3397 praeter
375 3314 536 3381 rationem
567 3315 742 3398 producere
770 3313 966 3398 posteriores
990 3312 1120 3379 demum
1142 3315 1273 3400 quidam
1296 3317 1367 3381 ausi

223 3424 307 3505 sunt,
329 3442 467 3504 quorum
490 3421 638 3504 exempla
659 3419 761 3486 habes
785 3420 870 3505 apud
893 3417 1062 3506 Vngcrum
1085 3420 1123 3484 de
1142 3421 1263 3509 Valgio
1282 3422 1368 3489 Rufo

220 3549 251 3610 p.
274 3527 338 3591 221
359 3549 404 3612 sq.
1110 3509 1120 3528 ⁶

309 3631 460 3700 Ceterum
487 3634 541 3699 vix
570 3655 640 3699 esse
664 3633 840 3698 cavendum
862 3635 957 3718 puto,
984 3635 1119 3720 nequis
1144 3637 1183 3700 ad
1206 3637 1368 3720 explican-

222 3739 297 3804 dum
320 3738 529 3805 ‘Baccarus'
553 3739 768 3825 veriloquium
790 3739 880 3804 Festi
900 3739 1012 3826 glossa
1035 3741 1187 3807 abutatur
1205 3741 1368 3827 epitomae

295 3971 341 4039 15)
359 3969 423 4024 Nou
448 3969 568 4040 ineptiat
592 3985 637 4024 me
660 3968 766 4038 iudice,
793 3968 816 4024 si
840 3969 903 4040 quis
921 3969 950 4026 in
968 3971 1213 4038 Menaechmorum
1232 3970 1324 4028 verbis
1341 3989 1367 4027 v.

222 4064 273 4113 541
289 4077 328 4128 sq.
355 4059 475 4114 ‘inauris
501 4059 538 4114 da
560 4059 643 4128 mihi,
669 4059 801 4114 faciunda
825 4059 919 4130 pondo
936 4077 1081 4116 nummum
1100 4061 1185 4117 duom
1205 4061 1367 4133 stalagmia'

222 4147 316 4218 ipsum
337 4147 511 4218 ‘stalagmia'
531 4165 632 4204 nomeu
647 4148 682 4204 ds
695 4146 857 4218 margaritis
870 4148 1079 4220 interpretetur,
1098 4150 1201 4220 quippe
1216 4151 1305 4221 ligura
1319 4167 1370 4205 sua

223 4239 283 4292 tam
302 4237 440 4294 similibus
458 4239 602 4308 guttarum
620 4239 653 4292 ut
665 4237 737 4292 nibil
752 4254 844 4306 supra.
874 4235 1050 4306 Quamquam
1064 4238 1260 4294 necessitatem
1274 4241 1369 4294 tamen

226 4325 372 4382 fatendum
391 4333 434 4382 est
453 4326 482 4381 id
501 4345 557 4382 non
575 4327 688 4396 habere,
707 4344 770 4381 cum
787 4327 816 4381 in
835 4325 953 4397 parilem
972 4327 1090 4396 figuram
1108 4344 1164 4382 non
1183 4327 1289 4398 lapides
1307 4330 1368 4384 tau-

222 4415 284 4468 tum
303 4413 332 4482 (i.
354 4431 377 4470 e.
397 4417 549 4485 gemmae),
575 4415 623 4470 sed
649 4431 746 4470 aurum
769 4431 879 4483 quoque
896 4413 1060 4470 fabricando
1079 4414 1213 4485 perfacile
1231 4415 1322 4487 redigi
1340 4417 1369 4472 et

222 4502 347 4572 potuerit
365 4505 395 4558 et
412 4504 494 4560 hodie
514 4504 611 4560 solem.
