3302 5106
260 427 325 492 366
680 446 728 491 nn
750 445 786 492 n.
800 445 976 492 vernerus

260 587 365 650 varias
389 590 493 650 terras
517 587 746 670 peregrinatio,
769 586 906 668 pcrrplus
924 585 1012 650 dicta
1031 586 1232 670 simpIIoitcr‚
1258 591 1291 650 et
1309 611 1407 672 oppo-

259 693 397 757 nebatur
420 699 453 757 et
476 694 726 778 comparabatur
743 697 912 776 tamquam
936 692 1045 756 itineri
1069 693 1194 756 cuidam
1219 715 1276 776 per
1300 694 1405 777 pbilo—

260 799 410 883 sophiam
438 799 571 882 eiusque
600 799 707 864 varias
737 799 885 884 regiones
913 798 1010 862 facte.
1045 835 1085 842 —
1121 797 1295 864 Praeterea
1317 802 1407 865 locos

260 904 506 989 philosophicos
529 909 686 971 tractatos
711 929 780 970 esse
804 907 838 970 in
858 905 1113 990 Antiquitatium
1138 907 1313 986 prooemiis
1337 909 1406 991 ipse

260 1009 365 1076 Varro
389 1015 529 1076 testatur
552 1013 637 1096 apud
661 1010 849 1078 Ciceronem
865 1012 1016 1078 Academ.
1030 1011 1055 1094 I,
1070 1011 1105 1074 2:
1128 1010 1165 1074 de
1189 1033 1253 1094 qus
1275 1033 1308 1075 re
1333 1013 1407 1077 sub-

259 1117 362 1181 tiliter
385 1118 565 1203 dispntevit
583 1119 769 1186 Krahnerus
793 1121 813 1183 l.
829 1141 852 1183 s.
863 1141 887 1184 s.
906 1141 936 1202 p.
954 1119 994 1182 14
1006 1139 1051 1202 sq.
1063 1153 1104 1162 -
1117 1114 1179 1180 Sed
1198 1123 1327 1200 praeter
1345 1118 1406 1182 hos

220 1241 245 1280 1⁶
260 1224 327 1288 sive
358 1228 424 1288 tres
455 1227 522 1289 sive
554 1231 708 1310 quattuor
739 1227 828 1290 locos
852 1228 887 1290 do
903 1223 1100 1306 philosophia
1123 1221 1313 1307 Varronem,
1345 1224 1406 1288 bac
1516 1307 1519 1312 Ι

259 1331 389 1413 quidem
404 1332 612 1416 inscriptione
628 1355 729 1417 usum,
745 1333 843 1396 etiam
862 1332 896 1394 in
911 1330 1165 1413 Disciplinarum
1185 1329 1278 1392 libris
1297 1329 1406 1394 dedita

260 1459 359 1522 opera
378 1438 574 1522 exposuisse,
597 1460 662 1503 non
680 1442 807 1503 tantum
827 1437 960 1522 probari
979 1436 1102 1520 nequit,
1125 1435 1180 1500 sed
1200 1435 1404 1500 confidentis·

259 1543 340 1608 sime
353 1543 548 1628 »negandum
572 1547 630 1609 ert.
843 1633 863 1696 9

348 1751 691 1838 Circumspicientibus
715 1755 801 1820 enim
824 1754 929 1838 nobis,
952 1775 1035 1838 quae
1054 1755 1198 1837 potuerit
1211 1756 1250 1819 in
1268 1756 1406 1840 reliqna·

259 1883 329 1924 rum
354 1861 474 1925 artium
494 1861 683 1926 societatem
703 1864 806 1927 ascita
826 1883 895 1926 esse
914 1861 1097 1946 discipline,
1120 1866 1153 1926 et
1171 1867 1326 1946 tanquam
1346 1883 1428 1954 sua·

259 1971 374 2050 sponte
403 1990 436 2030 se
465 1968 560 2031 offert
587 1971 620 2032 et
647 1969 733 2033 hunc
761 1971 867 2034 locum
897 1966 1033 2033 firmiter
1063 1973 1173 2033 tuetur
1202 1969 1403 2034 medicIna.

259 2071 343 2136 Eam
365 2094 432 2137 non
455 2073 554 2137 semel
579 2075 755 2157 reperimus
779 2076 813 2139 in
836 2076 915 2160 ipsis
940 2075 1174 2140 liberalibus
1198 2075 1322 2139 artibus
1346 2077 1403 2140 ha-

259 2178 372 2263 bitum,
395 2183 432 2244 ut
455 2176 595 2245 Senecae
617 2182 710 2264 epist.
732 2181 784 2266 95,
803 2183 837 2246 9:
860 2183 945 2246 adice
965 2202 1056 2265 maresc,
1079 2183 1161 2264 qnod
1182 2187 1263 2245 ortes
1285 2202 1402 2263 ortoque

254 2285 428 2368 pleraeque,
455 2287 549 2351 lornro
572 2307 609 2351 ec
632 2288 772 2352 correctos
796 2289 1041 2368 liberalissimae,
1063 2287 1174 2352 babent
1195 2290 1312 2352 merem
1334 2309 1401 2366 seca,

258 2412 321 2455 non
354 2397 476 2458 lantum
501 2399 678 2476 praccepta,
710 2395 790 2459 sicul
819 2396 979 2460 nredlcr'rra.
1025 2393 1132 2469 Quid?
1165 2394 1250 2478 quod
1278 2394 1344 2457 iam
1368 2391 1402 2458 C.

259 2497 360 2563 Iulius
376 2497 495 2564 Caesar
518 2521 583 2564 una
606 2501 772 2566 coniunxit
794 2523 897 2567 onrncs
918 2503 1102 2568 predicebam
1115 2500 1233 2566 Romae
1249 2501 1405 2582 professos

258 2610 287 2669 el
309 2604 483 2669 liberalium
505 2607 623 2694 ortium
645 2609 786 2687 doctores,
809 2631 889 2693 quos
913 2609 1044 2674 civitate
1068 2609 1205 2673 donaret
1227 2611 1309 2671 teste
1329 2605 1403 2671 Sue-

121 2787 126 2796 ·
258 2711 352 2776 tonio
380 2734 405 2776 o.
429 2713 482 2777 42.
527 2713 615 2778 Nolo
644 2715 729 2778 enim
758 2715 797 2780 ad
826 2717 1009 2798 posteriora
1042 2714 1171 2779 saecula
1204 2714 1404 2796 descendere,

258 2819 375 2903 quibus
398 2821 527 2886 modicos
550 2821 600 2884 vel
622 2821 793 2886 melriolros
811 2845 883 2890 cum
900 2823 1121 2904 praesumis,
1140 2821 1320 2898 oratoribus,
1334 2819 1403 2902 pbi-
1458 2819 1461 2822 ’

259 2925 411 3010 bseplu‘oe
431 2929 691 3010 praeceptoribus,
718 2931 877 3012 numislrn's
904 2931 954 2994 rel
974 2929 1199 3012 professombus
1222 2928 1403 3005 liberarem,

258 3035 375 3098 ortium
399 3033 573 3099 liberalium
594 3035 820 3116 professoribus
843 3036 1015 3100 iunxerunt
1038 3033 1259 3099 Theodosiani
1284 3027 1418 3098 codicis¹

258 3138 347 3222 leges
362 3137 451 3223 XIII,
461 3140 491 3224 3,
504 3141 530 3204 1.
545 3141 575 3204 3.
593 3143 698 3226 16qu
722 3142 760 3205 de
781 3141 898 3226 quibas
912 3143 1115 3227 temporibus
1131 3142 1281 3206 dixerunt
1295 3141 1401 3224 Gaup-

258 3245 332 3327 pius
347 3250 458 3310 noster
471 3268 585 3312 comm.
600 3247 639 3312 de
653 3243 892 3332 professoribus
913 3252 945 3312 et
963 3248 1097 3312 medicis
1116 3270 1290 3332 eorumque
1305 3247 1402 3330 privi-

259 3351 355 3434 legiis
370 3349 588 3417 Vrctislaviae
609 3377 637 3418 a.
649 3355 732 3418 1827
750 3355 836 3418 edite
855 3358 888 3418 et
901 3354 1058 3420 Baehrius
1078 3356 1152 3420 diss.
1167 3355 1206 3419 de
1221 3356 1401 3419 litterarum

259 3457 472 3524 universitate
487 3459 770 3545 Constantinopoli
785 3459 815 3524 V
833 3483 864 3544 p.
879 3459 953 3526 Chr.
967 3483 998 3528 n.
1013 3483 1094 3526 saec.
1111 3460 1239 3525 condita
1258 3459 1402 3545 (Heidel-

259 3565 379 3650 bergae
402 3589 430 3631 a.
458 3565 556 3652 1835)
585 3589 616 3651 p.
639 3569 721 3652 8sq.
768 3567 849 3633 Cum
873 3568 946 3653 ipsa
968 3573 1076 3634 autem
1100 3567 1315 3632 archItectura
1339 3589 1401 3629 me-

260 3671 401 3738 dicinam
416 3672 528 3739 Cicero
552 3677 735 3759 composuiI
758 3675 796 3740 de
811 3675 894 3740 offic.
909 3675 932 3759 Ι,
947 3677 1002 3739 42:
1025 3675 1136 3756 quibos
1158 3679 1260 3738 antem
1282 3675 1401 3738 arlilms

258 3783 315 3842 aut
329 3781 500 3862 paderno
515 3781 623 3846 ¹molor
645 3783 724 3848 inest
745 3787 801 3846 ord
822 3803 885 3846 non
907 3783 1066 3846 mediocres
1091 3781 1212 3844 utilitas
1233 3781 1400 3862 memoritur,

258 3890 295 3948 ol
316 3888 476 3965 nmdicino,
499 3893 533 3952 ut
554 3886 757 3952 orclo'teoluro
779 3909 805 3951 e.
829 3909 858 3971 q.
883 3909 920 3951 s:
944 3887 1022 3950 item
1046 3884 1260 3951 Cassiodorus
1275 3887 1400 3952 Verior.

259 3991 317 4076 III,
331 3993 387 4058 52:
407 3996 603 4076 peonwlriom
618 4044 625 4058 .
640 4043 647 4058 .
662 4045 669 4060 .
683 3993 832 4060 Clmblocr'
848 3995 990 4076 mineum
1012 3993 1162 4057 invenisse
1183 3999 1401 4071 memorantur,

259 4101 313 4180 qm'
335 4102 486 4164 rollonem
508 4102 608 4182 ipsios
630 4101 812 4183 disciplinae
830 4101 1012 4182 peneroliler
1034 4101 1204 4181 collipentcs
1217 4105 1246 4164 cl
1258 4102 1292 4164 ln
1306 4105 1401 4165 nstro

258 4208 388 4271 nonies
404 4207 494 4272 robus
510 4212 539 4270 cl
555 4207 590 4271 ln
607 4209 733 4272 musicis
751 4213 780 4272 el
796 4209 831 4272 in
845 4207 1027 4271 meclmnicls
1040 4211 1069 4270 el
1081 4207 1115 4270 in
1133 4207 1401 4288 orrlrilecll'on]icis

258 4317 287 4375 et
308 4313 351 4374 od
371 4313 554 4378 medicinam
576 4318 604 4376 el
625 4315 669 4376 ud
689 4319 787 4378 ortem
811 4313 1001 4394 loprslioom.
1025 4365 1032 4379 .
1056 4365 1063 4379 .
1085 4319 1193 4396 optem
1215 4335 1277 4380 esse
1298 4317 1399 4380 doee-

259 4425 341 4483 rmrl.
387 4419 450 4484 Sed
477 4420 528 4483 his
556 4423 666 4484 tamen
694 4419 870 4484 levioribus
899 4443 977 4486 sane
1003 4421 1130 4485 indiciis
1159 4421 1227 4484 noli
1255 4425 1400 4486 nostram

259 4525 298 4589 de
330 4529 470 4589 tractata
502 4549 521 4590 a
549 4526 696 4590 Varrone
729 4525 890 4592 medicina
921 4528 1114 4592 sententiam
1148 4531 1400 4610 superstructum
