3258 5102
290 314 355 379 632
480 330 593 379 uonna
617 314 774 378 urnunn's
798 329 823 378 4.
837 329 966 378 nusum
991 329 1058 378 ons
1084 329 1107 378 1.
1121 327 1245 378 nuens.

424 473 559 540 Taedia:
582 473 753 560 paullatim
777 474 837 539 sub
861 475 938 560 iuga
960 473 1045 539 colla
1066 472 1167 539 dabit.

379 579 493 666 Longa
515 581 583 647 dies
605 581 733 646 homini
756 580 866 646 docuit
887 602 1000 666 parere
1023 581 1148 660 leones:

422 689 535 775 Longa
558 687 626 752 dies
650 688 742 754 molli
764 711 842 753 saxa
864 687 990 773 peredit
1013 709 1105 772 aqua.

289 797 333 864 45
378 796 492 863 Annus
515 796 551 860 in
574 794 691 880 apricis
714 798 857 860 maturat
880 795 1017 860 collibus
1042 817 1133 861 uvas:

424 902 538 968 Annus
562 902 632 988 agit
655 906 744 968 certa
766 902 874 968 lucida
897 903 991 989 signa
1013 902 1092 969 vioe.

380 1009 476 1075 Atei
499 1009 673 1092 tcrdueris‚
696 1009 833 1075 errabis:
857 1009 996 1074 transiet
1019 1014 1120 1077 aetas.

424 1115 530 1195 Quam
553 1117 617 1182 cito
640 1137 706 1181 non
729 1115 836 1202 segnis
860 1117 927 1180 stat
949 1107 1135 1203 remeatque
1158 1117 1240 1183 dies!

381 1225 485 1302 Quam
508 1223 573 1289 cito
596 1245 773 1309 purpureos
798 1223 945 1308 deperdit
967 1227 1055 1289 terra
1078 1225 1218 1310 colores,

293 1333 336 1398 50
426 1330 530 1408 Quam
554 1331 618 1396 cito
643 1331 803 1396 formosas
826 1331 964 1415 populus
989 1331 1065 1398 alba
1087 1334 1211 1397 comas!

382 1439 486 1516 Quam
508 1437 604 1521 iacet,
627 1437 774 1502 infirmae
798 1459 913 1503 venere
933 1439 994 1514 ¹uhi
1017 1439 1086 1503 fata
1109 1443 1270 1524 senectae,

426 1545 488 1623 Qui
511 1545 600 1631 prior
622 1543 703 1608 Eleo
727 1547 778 1609 est
802 1567 928 1610 carcere
952 1545 1070 1611 missus
1095 1549 1209 1632 equus!

383 1653 460 1719 Vidi
483 1652 561 1718 olim
585 1652 746 1734 iuvenem,
769 1655 929 1735 premeret
952 1674 1025 1717 cum
1049 1653 1151 1718 serior
1174 1658 1281 1738 aetas,

427 1759 627 1823 Maerentem
651 1757 768 1822 stultos
791 1758 997 1842 praeteriisse
1020 1759 1097 1824 dies.

295 1870 337 1936 55
383 1866 536 1933 Crudeles
560 1864 639 1930 divi!
664 1887 796 1949 serpens
819 1887 922 1931 novus
946 1866 1034 1931 exuit
1058 1889 1176 1933 annos:

427 1972 566 2038 Formae
588 1993 655 2036 non
677 1972 777 2036 ullam
800 1971 869 2038 fata
891 1973 1005 2038 dedere
1030 1996 1164 2040 moram.

255 2103 280 2142 ιι
384 2079 471 2146 Solis
495 2083 627 2144 aeterna
650 2081 700 2144 est
722 2078 854 2145 Phoebo
878 2079 1069 2166 Bacchoque
1092 2079 1240 2146 iuventa:

427 2187 514 2254 Hine
537 2186 628 2251 decet
649 2186 797 2252 intonsus
820 2187 918 2252 crinis
942 2192 1113 2273 utrumque
1136 2187 1253 2254 deum?

385 2294 475 2361 Haec
498 2293 592 2378 mihi,
616 2315 698 2379 quae
722 2315 871 2359 canerem
894 2293 996 2378 Titio,
1019 2294 1097 2360 deus
1121 2295 1222 2360 edidit
1245 2319 1316 2362 ore:
1412 2320 1449 2368 7³

296 2407 340 2471 60
431 2401 494 2467 Sed
516 2400 639 2466 Titium
663 2401 799 2466 coniunx
822 2400 904 2467 haec
926 2402 1110 2467 meminisse
1134 2405 1231 2468 vetat.

385 2510 503 2576 Pareat
525 2509 579 2572 ille
603 2529 692 2573 suae:
716 2530 774 2572 vos
798 2531 850 2573 me
874 2509 1036 2574 celebrate
1060 2508 1269 2595 magistrum,
1412 2531 1449 2580 ιδ

430 2615 518 2694 Quos
541 2616 627 2680 male
649 2615 750 2681 habet
772 2617 877 2682 multe
900 2615 1038 2682 callidus
1061 2619 1130 2682 arte
1153 2637 1242 2700 puer.

387 2726 500 2792 Gloria
523 2725 637 2809 cuique
661 2745 721 2788 sua
742 2727 804 2788 est:
829 2745 893 2806 me,
917 2723 971 2808 qui
995 2725 1195 2808 spernentur,
1218 2728 1367 2790 amantes

431 2831 637 2897 Consultent:
661 2831 785 2896 cunctis
808 2831 906 2895 ianua
928 2833 1041 2894 nostra
1063 2833 1163 2914 patet.

298 2942 341 3007 65
387 2939 528 3022 Tempus
551 2938 626 3020 erit,
649 2959 722 3002 cum
745 2959 796 3002 me
819 2935 957 3002 Veneris
979 2941 1151 3021 praecepta
1173 2936 1331 3002 ferentem

431 3044 579 3110 Deducat
602 3044 753 3108 iuvenum
776 3044 888 3109 sedula
910 3046 1008 3110 turha
1031 3065 1149 3109 senem.
1410 3066 1448 3116 80

387 3153 493 3234 Eheu,
516 3173 613 3236 quam
637 3149 806 3216 Marathus
830 3150 919 3216 lento
943 3173 993 3215 me
1017 3154 1149 3235 torquet
1171 3153 1295 3216 amore!

300 3261 512 3274 .—-—·————-=

299 3302 332 3350 47
351 3293 441 3347 Wozu
464 3289 575 3343 werden
598 3305 629 3343 so
654 3288 755 3344 schdne
779 3289 836 3342 und
861 3287 967 3344 sichere
990 3289 1213 3346 Emendaticnen
1235 3290 1369 3360 gemacht
1391 3291 1447 3345 wie

353 3383 403 3437 das
426 3377 695 3434 Lachmann'sche
719 3378 857 3432 taronem
879 3379 950 3432 statt
972 3380 1070 3433 tardus
1086 3380 1142 3433 eris
1163 3383 1208 3447 (zu
1227 3379 1306 3434 huet.
1325 3395 1352 3448 p.
1372 3383 1446 3448 20⁵1),

352 3488 433 3526 wenn
452 3469 492 3523 sie
511 3467 556 3520 ldr
575 3467 620 3520 die
641 3465 811 3536 Nachfolger
830 3485 881 3538 gar
899 3466 978 3522 nicht
997 3467 1146 3523 existiren?

299 3570 332 3618 63
352 3562 417 3616 olim
436 3557 642 3628 (‘menchmal’)
660 3555 705 3610 fiir
724 3557 773 3611 das
792 3555 982 3626 unertrhglich
1003 3558 1090 3612 mette
1108 3558 1173 3611 iam.

300 3657 333 3706 58
353 3649 430 3703 Hinc
452 3646 498 3700 htr
521 3645 566 3699 ein
590 3643 699 3714 logisch
718 3643 976 3699 unversttndliches
994 3644 1077 3700 Nam.
1106 3643 1168 3698 niu
1185 3645 1300 3700 feinster
1318 3643 1445 3700 Rdckbe·

353 3737 472 3806 niehung
495 3735 546 3789 auf
562 3735 594 3788 V,
615 3741 631 3788 4
654 3733 717 3804 gibt
739 3733 812 3802 hier,
836 3733 892 3788 und
916 3751 989 3788 zwar
1012 3735 1113 3804 gerade
1137 3753 1200 3789 zum
1220 3735 1331 3790 Schlnss
1354 3733 1445 3789 seiner

354 3843 461 3898 genuen
477 3823 561 3891 Rode,
581 3822 699 3893 Priapus
714 3822 759 3878 die
774 3823 903 3878 Autwort
920 3823 971 3878 auf
986 3823 1039 3878 den
1055 3823 1140 3894 Spctt
1157 3823 1186 3878 in
1206 3824 1255 3879 der
1268 3821 1378 3877 Anrede
1396 3822 1444 3878 des

353 3917 482 3972 Dichtere
506 3930 562 3968 non
588 3913 639 3966 tihi
664 3913 739 3966 calta
765 3929 841 3966 coma
866 3918 911 3968 est.
950 3913 1110 3969 Schrader’s
1131 3913 1219 3984 ριιαιιι
1245 3913 1283 3967 ist
1305 3929 1376 3982 gana
1394 3929 1442 3966 nn-

352 4004 519 4064 brauchbar.

301 4103 335 4152 66
353 4092 453 4164 cenem]
473 4091 509 4147 oh
527 4091 607 4146 nieht
624 4090 733 4144 ἀοιιιιιιιι
752 4089 806 4144 mit
824 4089 984 4160 Scaliger
1002 4089 1059 4144 und
1077 4089 1289 4144 Valckenaer
1308 4107 1342 4144 zu
1361 4087 1442 4144 Galli-

355 4183 471 4238 machus
488 4199 515 4251 p.
535 4186 607 4236 204?

302 4279 335 4327 67
356 4271 437 4325 Eheu
459 4271 528 4325 stett
550 4270 615 4324 Heu
637 4271 701 4335 heu,
728 4285 825 4338 wegen
848 4267 897 4324 des
920 4267 950 4322 in
972 4269 1005 4322 V.
1026 4275 1058 4323 'll
1084 4267 1177 4340 gleich
1199 4266 1350 4337 folgenden
1372 4257 1443 4325 Heu.

355 4361 426 4415 Dem
447 4359 490 4413 lle
508 4361 558 4413 heu
576 4359 625 4414 des
644 4357 753 4414 Pariser
772 4355 865 4413 Codex
883 4357 960 4412 steht
978 4356 1058 4412 Eheu
1079 4355 1217 4428 ungefthr
1235 4355 1305 4412 aben
1323 4373 1354 4412 so
1372 4355 1443 4412 nahe

356 4448 409 4506 wie
428 4447 492 4504 Heu
509 4448 568 4505 lea.
