3294 5104
488 399 728 461 ovnns‘nouns
744 397 1088 448 osculnonomcnn.
1294 381 1358 446 349

214 565 275 608 εινῑ
306 548 377 608 tum
408 565 448 608 na
478 564 584 608 carere
613 543 742 626 quidem
767 544 897 607 Μοιεῶν
925 541 1143 626 appellatione
1171 540 1222 605 vel
1249 541 1283 604 in
1306 540 1358 604 his

214 673 387 734 possumus
410 649 475 714 VII
498 673 528 733 p.
552 649 631 713 303:
659 650 710 712 καὶ
740 651 799 712 νῦν
822 647 961 712 οἰκοῦειν
984 646 1094 711 αὐτόθι
1118 646 1148 710 ol
1168 647 1281 711 Μοιεοὶ
1305 667 1358 710 κα-

212 759 379 837 λούμενοι,
406 759 477 837 ἤτοι
500 758 551 822 καὶ
574 759 640 820 τῶν
663 755 823 834 πρότερον
847 757 933 820 οὕτω
957 757 1178 838 καλουμένων,
1201 755 1237 820 ἐν
1261 755 1296 818 δὲ
1319 761 1357 838 τῇ

214 863 298 948 ’λείᾳ
315 867 434 930 Μυεῶν
457 865 767 943 μετονομαεθέντων,
790 865 809 941 ἢ
829 913 902 926 ....
926 866 992 928 τῶν
1011 864 1047 928 ἐν
1065 868 1103 946 τῇ
1119 863 1225 946 Θρᾴκῃ
1242 864 1360 927 Μυεῶν

216 974 424 1051 καλουμένων
448 971 621 1050 πρότερον,
645 969 696 1033 vel
721 967 842 1032 inillis
865 967 1002 1034 IibXIl
1025 991 1055 1051 p.
1078 968 1144 1032 542
1167 967 1249 1033 init:
1275 966 1358 1048 εἴρη-

214 1099 264 1142 ται
295 1075 327 1141 δ’
360 1075 409 1140 ὅτι
437 1078 487 1141 καὶ
515 1077 606 1141 αὐτοὶ
634 1075 664 1140 οἱ
689 1075 790 1140 Μυεοὶ
815 1077 950 1158 Θρᾳκῶν
979 1073 1105 1140 ἄποικοί
1133 1075 1188 1140 εἰει
1211 1079 1278 1139 τῶν
1300 1079 1359 1139 νῦν

215 1185 400 1263 λεγομένων
416 1184 553 1247 Μοιεῶν.
592 1180 680 1257 Quae
700 1181 728 1244 si
746 1181 794 1243 ita
813 1183 897 1264 sunt,
919 1181 1000 1245 nihil
1021 1186 1071 1246 est
1090 1203 1146 1246 our
1164 1181 1203 1245 de
1222 1182 1360 1246 veritate

216 1291 284 1354 eius
317 1289 550 1354 emendationis
581 1287 761 1370 dubitetur,
794 1309 890 1371 quam
923 1289 1031 1353 verbis
1059 1289 1115 1352 lib.
1144 1287 1207 1352 VH
1235 1311 1264 1372 p.
1293 1288 1358 1352 296

215 1394 335 1460 Coraes
360 1395 523 1460 adhibuit:
547 1401 616 1460 δεῖν
640 1397 675 1460 δέ
699 1394 800 1481 (λέγει
820 1393 838 1458 ὁ
857 1396 1087 1476 Ποεειδώνιοε)
1106 1396 1207 1479 ἐντῷ
1226 1415 1359 1474 τριεκαιὲ

215 1501 337 1585 δεκάτῳ
360 1502 499 1582 γράφειν
522 1502 593 1566 ἀντὶ
615 1506 673 1566 τοῦ
697 1503 838 1565 κΜυεῶν
861 1499 893 1564 τ’
916 1500 1132 1580 ἀγχεμάχων»
1157 1503 1304 1567 κΜοιεῶν
1327 1501 1360 1566 τ’

218 1607 446 1687 ἀγχεμάχωννε
478 1608 543 1672 nisi
571 1607 626 1692 qui
653 1607 739 1671 forte
764 1609 899 1672 Κτιετῶν
922 1605 953 1671 τ’
976 1606 1168 1686 ἀγχεμάχων
1191 1607 1225 1671 in
1247 1606 1360 1672 Iliadis

217 1713 297 1778 XIII
321 1737 415 1780 versu
439 1717 460 1779 5
484 1715 622 1798 probare
645 1735 718 1776 cum
735 1711 863 1796 Heynio
888 1713 1031 1777 animum
1054 1712 1224 1777 induxerit.
1269 1714 1358 1798 Ergo

216 1821 338 1885 Mocsia
369 1821 508 1884 formam
536 1819 601 1882 iam
625 1817 818 1882 Posidonius
847 1819 951 1882 novit:
985 1819 1069 1882 unde
1097 1819 1299 1904 intellegitur
1326 1820 1359 1883 id

215 1948 316 2011 ganas
348 1927 414 1991 iam
446 1926 586 2009 septimo
620 1927 661 1990 ab
690 1948 720 1989 u.
747 1947 773 1990 c.
803 1925 929 1990 saeculo
963 1925 1152 2010 invaluisse,
1184 1927 1360 2011 codemque

215 2033 430 2116 probabiliter
458 2031 615 2097 conicitur
644 2053 717 2096 cum
745 2031 819 2095 aliis
843 2031 968 2116 multis,
998 2055 1078 2117 quae
1103 2034 1143 2098 ab
1168 2033 1239 2117 ipso
1263 2037 1360 2116 poeta

215 2139 360 2223 profecta
384 2143 561 2223 account,
589 2139 688 2203 etiam
712 2139 951 2205 Antamocnidcs
974 2141 1169 2224 scripturam
1193 2141 1227 2203 iu
1251 2140 1360 2204 Plauti
1445 2145 1452 2162 ·

215 2246 413 2329 exemplaria
435 2247 583 2312 intrasse.

306 2371 425 2435 Verum
450 2371 530 2433 satis
553 2373 603 2432 est
625 2391 793 2453 nugarum,
817 2393 1010 2454 quamquam
1035 2372 1069 2434 in
1093 2393 1209 2455 genere
1230 2374 1359 2436 nonin·

122 2463 125 2470 ¹
216 2477 381 2542 fructuoso
404 2496 571 2558 nugarum.

307 2918 353 3000 [El
385 2919 632 3012 praefatione
661 2919 838 2985 Dccadis:
871 2919 975 2996 ‘Quae
1003 2943 1032 3003 p.
1061 2919 1109 2984 III
1135 2921 1226 3002 [342]
1248 2944 1293 3006 sq.
1321 2923 1360 2987 dc

217 3025 392 3090 Stratallua
414 3027 466 3090 val
490 3025 589 3112 (quod
613 3026 699 3090 haud
724 3027 791 3091 scio
811 3049 852 3091 an
871 3024 1028 3112 praestet)
1047 3025 1211 3092 Stratioton
1229 3029 1360 3092 nomine

218 3131 354 3196 disserui
378 3154 488 3198 eorum
517 3155 675 3197 summam
699 3133 925 3198 Fleckeisenus
953 3156 1003 3196 me
1027 3133 1153 3198 monuit
1176 3157 1195 3198 a
1218 3121 1360 3219 Be'rgkio

218 3241 407 3321 occupatam
426 3261 496 3304 esse
515 3239 548 3304 in
567 3237 655 3304 Dior.
675 3239 776 3323 antiq.
796 3241 878 3304 stud.
897 3263 925 3304 a.
946 3240 1030 3305 1848
1050 3263 1081 3323 p.
1102 3239 1201 3305 1126:
1225 3241 1256 3305 id
1276 3242 1361 3325 quod

218 3345 339 3409 oblitus
371 3367 468 3410 eram.
497 3384 538 3394 -
566 3346 600 3410 P.
631 3346 678 3412 Vl
703 3347 794 3428 [346]
820 3369 888 3432 sqq.
921 3347 1114 3430 explicatam
1147 3353 1166 3409 ῡ
1198 3351 1296 3426 ψιλοῦ
1330 3351 1363 3412 et

217 3451 339 3516 latinae
366 3453 400 3516 o‘c
422 3451 619 3536 diphthongi
642 3453 886 3536 congruentiam
910 3453 1130 3536 exemplorum
1153 3453 1361 3516 multitudine

220 3581 236 3620 o
272 3559 416 3624 codicum
449 3581 524 3623 mss.
558 3558 714 3622 memoria
748 3558 923 3640 petitorum
957 3557 1151 3624 Ribbeckius
1186 3561 1220 3623 in
1253 3559 1361 3623 Fleck-

220 3664 318 3728 eiseni
342 3665 459 3730 Annal.
482 3670 506 3730 t.
528 3664 665 3728 LXXVI
684 3662 800 3749 (1857)
825 3687 854 3746 p.
878 3665 942 3728 316
963 3687 1030 3749 sqq.
1055 3666 1270 3729 confirmavit:
1294 3666 1361 3748 qui·
1462 3691 1464 3698 ¹

219 3771 279 3834 bus
308 3771 389 3834 adde
417 3772 458 3835 ab
481 3770 595 3837 Iahnio
619 3775 870 3836 commemorata
894 3771 965 3835 Act.
989 3793 1052 3836 soc.
1077 3771 1148 3835 Sex.
1174 3771 1306 3834 a.1857
1332 3793 1363 3853 p.

221 3875 285 3938 204
300 3897 356 3959 sq,
378 3877 456 3940 item
481 3901 500 3942 a
522 3877 669 3944 Vahlcno
694 3878 788 3944 Anal.
811 3878 894 3943 Non.
917 3901 947 3964 p.
971 3879 1012 3942 37
1037 3877 1135 3958 adn']
