3294 5104
421 417 469 464 nn
489 419 523 464 n.
537 419 710 467 vannoms
730 418 1004 466 nrsemnmnsvn
1023 416 1147 464 mains.
1289 399 1353 462 353

210 561 298 640 sunt,
331 581 413 644 quae
444 559 529 624 infra
557 561 723 644 posuimus
752 560 839 646 quod
867 583 977 626 eorum
1002 565 1125 624 certum
1148 559 1298 624 volumus
1321 559 1355 623 in

209 664 429 747 disputatione
458 671 571 732 nostra
595 690 688 731 usum
712 689 790 731 esse.
836 665 1030 731 Exordimur
1054 665 1095 728 ab
1118 665 1243 730 Isidoro
1267 665 1354 750 Orig.

209 769 223 832 I
259 792 284 834 o.
308 771 342 834 2:
380 771 620 855 Disciplinae
647 774 822 838 litteralium
849 775 966 837 artium
992 777 1103 856 septem
1125 779 1205 836 sarad.
1245 773 1354 855 prima

205 880 412 960 pramrnatica
435 881 455 944 i.
478 902 501 944 e.
526 883 668 963 dqirami
685 882 810 963 peritia
855 881 987 944 socienda
1014 879 1165 944 rhetorica
1184 931 1191 944 .
1211 929 1218 944 .
1238 929 1246 944 .
1265 881 1355 944 tertia

208 986 366 1050 dialectica
389 993 581 1070 eoynomcnto
604 989 702 1072 topica
716 1037 723 1052 .
738 1038 745 1052 .
761 993 894 1070 ‚quarta
908 987 1102 1052 arithmetica
1123 1009 1202 1070 qrmo
1224 988 1356 1050 continet

207 1113 407 1156 nnmeromcm
434 1114 559 1158 caussas
586 1099 615 1158 et
640 1095 811 1160 divisiones.
857 1096 967 1176 quinta
990 1095 1109 1158 mirsica
1131 1115 1208 1175 qnae
1230 1095 1265 1156 in
1287 1114 1353 1155 ear-

207 1200 342 1264 minilms
369 1201 566 1282 ‹mntdmsqnc
594 1202 739 1266 consistit.
784 1205 870 1265 sectr
890 1201 1072 1283 pomnetrica
1094 1221 1173 1282 qima
1194 1220 1355 1264 nemarcos

207 1306 467 1388 dimensionesque
494 1307 708 1389 complectitur.
753 1309 882 1391 septima
910 1308 1100 1371 astronomia
1123 1328 1201 1388 quac
1223 1308 1356 1371 eontinet

208 1411 299 1493 lapan
327 1418 491 1477 astrorum.
538 1412 590 1477 Ab
619 1409 746 1478 Isidoro
776 1414 886 1497 aliqua
914 1435 952 1476 ex
980 1417 1071 1496 parte
1099 1412 1262 1496 discrepat
1290 1435 1354 1476 uuo

208 1517 335 1581 circiter
364 1519 492 1582 saeculo
522 1520 627 1585 maior
649 1519 862 1584 Cassiodorus
887 1541 924 1584 eo
948 1519 1033 1583 libro
1058 1541 1154 1602 quem
1177 1521 1214 1584 dc
1235 1521 1354 1583 ortam
1442 1527 1445 1534 “

207 1627 235 1686 et
266 1625 484 1706 disciplinis
517 1626 692 1689 liberalium
719 1627 895 1690 litterarum
925 1626 1067 1709 scripsit3
1105 1626 1151 1688 sic
1182 1626 1267 1690 enim
1297 1625 1353 1688 ille

209 1731 270 1793 vol.
294 1729 326 1792 ll
350 1753 380 1814 p.
396 1732 486 1796 2581)
511 1731 558 1795 ed.
583 1730 706 1796 Garett.
730 1733 765 1796 in
788 1731 1003 1815 praefatione:
1026 1731 1243 1812 dicentemque
1259 1733 1354 1812 prins

207 1841 251 1899 est
272 1837 308 1900 de
329 1843 395 1900 nrtc
414 1841 630 1922 prainnmtica,
652 1861 731 1922 qnae
753 1844 796 1905 est
816 1839 952 1904 videlicet
970 1841 1054 1921 oripo
1072 1843 1100 1901 et
1116 1837 1354 1918 fundamentum

208 1941 383 2007 liberalium
415 1945 588 2009 litterarum
616 1995 748 2012 .....
781 1947 911 2012 seeundo
943 1947 979 2010 de
1009 1951 1077 2008 arte
1106 1943 1257 2008 rhetorica
1283 1995 1291 2009 .
1315 1994 1354 2009 ..

204 2049 294 2112 tertio
321 2051 358 2114 de
380 2051 478 2134 topica
499 2073 577 2134 qaae
599 2054 757 2118 dialectica
778 2057 978 2136 nuncapatur
1001 2102 1008 2116 .
1032 2101 1039 2115 .
1062 2101 1069 2116 .
1097 2057 1206 2132 quarto
1229 2053 1265 2116 de
1286 2073 1353 2115 ma-

208 2155 369 2219 thematica
395 2179 473 2238 qnae
499 2165 644 2240 qaattnar
670 2161 875 2244 complectitur
902 2159 1097 2240 disciplinas,
1127 2159 1162 2222 id
1187 2163 1230 2222 cst
1255 2158 1352 2221 aritie-

207 2263 359 2340 meticam,
392 2266 618 2346 qemnetricam
655 2268 806 2330 mimicam
842 2271 871 2330 et
905 2267 1151 2330 astronomicam.
1205 2264 1351 2328 Eandem

208 2373 316 2434 autem
339 2370 423 2434 hano
447 2372 717 2455 quadripartitam
741 2372 990 2455 descriptionem
1014 2393 1073 2435 nec
1096 2370 1238 2434 Isidorus
1261 2371 1379 2454 igno-s

206 2482 267 2560 rat,
289 2477 390 2540 immo
415 2477 561 2560 sequitur
584 2478 618 2541 in
641 2478 724 2541 libro
748 2475 807 2557 III,
831 2476 886 2540 ubi
911 2475 951 2540 ad
975 2475 1080 2560 ipsam
1105 2476 1351 2560 explicationem

208 2582 452 2666 disciplinarum
477 2581 780 2647 mathematioarum
804 2584 940 2649 aceedit:
963 2583 1180 2648 nmtternatica
1195 2634 1202 2648 .
1217 2633 1247 2648 ..
1266 2585 1353 2648 caim

205 2690 315 2771 speras
344 2692 418 2753 sant
445 2691 603 2770 quattuor,
635 2689 669 2752 id
696 2693 740 2752 est
766 2689 971 2773 arittnretica,
1003 2692 1133 2775 musica,
1162 2693 1352 2773 peonntriea,

206 2796 412 2884 astronomia:
436 2815 574 2879 quonum
598 2795 749 2879 congruit
771 2795 851 2879 ipsis
866 2795 1038 2880 Originum
1056 2797 1150 2860 libris
1174 2797 1352 2878 praemissa

207 2903 246 2967 ad
271 2901 481 2965 Braulionem
505 2900 692 2985 episcopum
712 2901 851 2985 epistula
864 2901 919 2966 VI.
956 2901 1029 2966 Nisi
1048 2903 1134 2987 quod
1153 2903 1261 2986 priore
1279 2903 1350 2967 loco

208 3009 264 3072 illo
288 3008 322 3073 in
346 3007 537 3094 quibusdam
561 3007 655 3072 libris
679 3008 806 3072 inverso
831 3008 943 3073 ordine
968 3012 1042 3074 ante
1065 3010 1216 3074 musicam
1235 3029 1350 3091 qeome-

207 3117 284 3179 trica
307 3118 340 3180 at
363 3117 636 3180 commemoratur
658 3117 691 3184 et
714 3118 887 3200 tractatur,
910 3137 1042 3200 prorsus
1065 3115 1099 3179 id
1123 3117 1251 3200 quidem
1275 3115 1350 3182 Oas-

207 3221 329 3286 siodori
362 3219 517 3304 exemplo.
562 3219 741 3306 Vulgarem
777 3225 888 3287 tamen
925 3221 1070 3287 ordinem
1107 3227 1215 3288 servat
1252 3224 1350 3288 etiam

206 3328 339 3393 Boetius
372 3327 466 3392 initio
498 3327 656 3393 librorum
686 3327 725 3392 de
749 3328 963 3392 arithmetica.
996 3365 1038 3375 -
1072 3327 1210 3394 Rursum
1242 3334 1350 3394 autem

206 3435 316 3519 paullo
344 3437 418 3498 ante
442 3431 673 3500 Cassiodorum
701 3435 736 3497 in
758 3456 873 3499 norem
897 3415 1232 3518 Marciani'Capellae
1256 3435 1350 3498 libris

208 3541 336 3605 easdem
360 3543 446 3604 artes
470 3539 531 3605 hoo
555 3540 664 3604 ordine
687 3543 905 3624 pertractatas
929 3541 1104 3624 reperimus
1128 3564 1148 3605 a
1165 3543 1221 3608 lib.
1236 3541 1286 3606 III
1310 3542 1349 3606 ad

207 3645 267 3710 IX:
297 3648 550 3730 prammatieam,
572 3647 776 3731 dialecticam,
799 3647 995 3730 rhetoricam,
1015 3650 1225 3731 acarnaniam,
1249 3650 1348 3712 arith-

206 3754 361 3837 meticam,
387 3755 622 3834 astronomiam,
652 3755 811 3818 niimieam.
856 3753 1026 3820 Postremo
1049 3754 1349 3820 commemorandus

207 3865 343 3946 utroque
366 3858 455 3944 prior
479 3859 694 3945 Augustinus,
717 3859 768 3924 his
791 3861 847 3925 ille
870 3861 979 3926 verbis
1003 3860 1042 3926 de
1066 3861 1132 3926 suis
1157 3859 1272 3924 studiis
1297 3883 1349 3923 ex·

205 3988 328 4051 ponens
351 3965 528 4032 Retraetat.
551 3965 566 4030 1
590 3988 615 4030 o.
639 3967 673 4032 6:
697 3966 759 4032 Per
781 3969 861 4033 ἱᾱωη
884 3973 1001 4051 tempas
1023 3989 1082 4052 qno
1105 3968 1279 4034 Mediolani
1298 3967 1350 4048 sni

206 4159 370 4230 liberalique
399 4175 466 4215 curn
492 4159 682 4230 illustrantur,
711 4163 866 4217 coniunctis
893 4163 987 4217 autem
1007 4162 1114 4218 Vestris
1141 4161 1348 4230 illustriumque

206 4249 376 4320 collegarum
405 4249 565 4304 vestrorum
595 4249 818 4306 academicorum
851 4251 973 4305 consiliis
1002 4251 1086 4304 etiam
1115 4249 1349 4304 consociationem

205 4335 283 4391 illam
301 4341 416 4393 tuentur
434 4337 522 4406 ipsius
540 4337 718 4408 antiquitatis
737 4340 864 4410 exemplo
883 4339 1074 4404 nobilitatam,
1099 4355 1155 4406 qua
1173 4337 1251 4392 velut
1269 4338 1349 4392 unius

205 4427 332 4481 membra
359 4427 483 4496 corporis
510 4427 618 4494 pridem
647 4427 773 4496 copulari
800 4431 865 4483 sunt
891 4429 998 4484 solitae.
1036 4427 1143 4483 Valete.
1186 4427 1349 4484 Scribebam

205 4512 318 4570 Bonnae
337 4529 378 4570 vr.
398 4515 459 4570 Kal.
480 4513 639 4582 Quintiis.
660 4519 932 4579 &dioscori-xiii?
972 4516 1000 4572 0.
1015 4515 1073 4588 W.]

259 4623 300 4657 sn.
316 4623 464 4658 mrscaann
479 4623 613 4659 orvscrnn
627 4626 667 4662 111.
1102 4611 1135 4662 23
