3274 5114
168 417 171 424 ,
285 349 347 416 198
640 365 857 414 narcnnnrs
880 365 1070 414 ansverus.

283 510 429 595 quamvis
451 511 581 594 praeter
605 509 826 594 exemplorum
847 531 914 575 non
937 509 1015 575 adeo
1039 531 1216 594 paucorum
1238 511 1306 575 vim
1329 511 1428 576 etiam

281 618 368 684 racc
390 616 476 682 uobis
498 615 675 680 formarum
699 614 912 680 similitudine
935 616 1095 682 munitum
1115 617 1232 701 Opusc.
1249 617 1328 701 phil.
1345 617 1379 682 II
1398 641 1428 702 p.

283 727 358 810 636,
377 746 442 790 non
456 723 578 808 poterit
591 745 656 788 non
669 723 799 808 longius
813 724 966 810 progredi
980 725 1134 790 mutando
1150 729 1182 790 et
1197 723 1320 810 aliquid
1333 723 1429 790 huius

284 833 373 898 modi
395 834 568 916 temptare:
599 828 733 907 ‘Quoius
757 829 845 895 latus
868 831 902 896 in
925 829 1067 897 latebras
1091 829 1242 896 dentibus
1266 851 1326 916 ego
1350 829 1430 898 meis

284 944 318 1006 et
340 939 436 1004 malis
458 936 613 1021 reddam’,
636 936 688 1002 vel
712 934 731 1000 ἦ
746 987 775 1002 ..
800 936 950 1002 dentibus
969 936 1049 1002 meis
1068 937 1200 1002 reddam
1219 957 1280 1023 ego
1299 941 1332 1002 et
1350 937 1430 1003 meis

186 1082 190 1092 ·
285 1045 401 1114 malis'.
447 1044 533 1111 Nam
557 1043 662 1110 ‘latus
684 1043 720 1110 in
743 1043 897 1110 latebras'
920 1044 1005 1109 inter
1028 1065 1062 1109 se
1086 1044 1196 1110 divelli
1220 1066 1285 1111 non
1307 1045 1432 1130 patitur

285 1156 338 1221 lex
361 1151 643 1220 adnominationis,

374 1260 487 1345 Ipsum
505 1261 614 1323 autem
632 1278 750 1323 nomen
769 1256 899 1323 fabulae
913 1280 979 1325 non
993 1279 1090 1342 posse
1105 1255 1306 1324 ‘Baccharia’
1323 1259 1433 1344 fuisse,

286 1369 318 1434 id
338 1366 423 1454 quod
442 1365 517 1431 libri
536 1365 687 1450 produnt,
705 1365 771 1430 dixi
786 1365 915 1450 Parerg.
931 1387 961 1449 p.
978 1365 1041 1430 155
1053 1387 1099 1450 sq.
1131 1365 1199 1432 Nec
1215 1367 1302 1431 enim
1316 1366 1432 1452 pallia-

286 1481 340 1542 tae
354 1477 581 1560 argumentum
595 1473 703 1558 potuit
718 1473 758 1538 ab
773 1471 868 1538 Italis
883 1471 1072 1538 Bacchabus
1086 1473 1162 1558 peti,
1175 1495 1279 1560 neque
1296 1473 1433 1540 Graeco·

287 1605 358 1648 rum
378 1603 464 1646 nova
482 1579 611 1666 quidem
631 1578 799 1646 comoedia
818 1578 958 1644 similem
971 1600 1125 1663 umquam
1139 1579 1285 1646 fabulam
1298 1581 1434 1666 peperit,

287 1690 344 1756 sed
358 1688 494 1772 antiqua
510 1689 638 1750 tanturn
654 1683 778 1765 Βάκχας
792 1685 938 1770 Lysippi,
956 1683 1089 1769 Dioclis,
1108 1687 1214 1752 media
1228 1686 1434 1772 Antiphanis.

285 1796 391 1882 Igitur
410 1791 557 1858 dubitare
575 1792 655 1877 noli,
673 1792 752 1877 quin
768 1791 947 1876 adspiratio
962 1795 1116 1858 consueto
1130 1793 1338 1860 librariorum
1352 1793 1433 1859 vitio

288 1899 467 1968 accesserit.
498 1899 568 1964 lam
587 1920 663 1964 vero
682 1898 857 1965 tenendum
876 1903 927 1965 est
940 1900 975 1964 in
988 1901 1074 1964 aria
1088 1901 1237 1967 exeuntia
1251 1900 1435 1966 fabularum

287 2008 422 2074 nomina
434 2010 492 2074 aut
505 2027 682 2090 numquam
696 2009 753 2070 aut
766 2006 820 2071 vix
834 2029 986 2092 umquam
1001 2007 1040 2072 ad
1055 2007 1206 2074 muheres
1219 2011 1363 2094 spectare
1375 2008 1436 2074 tali

288 2114 517 2181 terminatione
537 2113 726 2198 appellatas,
745 2111 801 2176 sed
820 2113 955 2180 erebus
974 2115 1047 2181 duci
1065 2117 1100 2180 in
1118 2115 1199 2202 ipsis
1217 2115 1338 2181 fabulis
1352 2138 1436 2182 conr·

290 2221 492 2288 memoratis:
516 2222 600 2308 quod
619 2242 721 2308 genus
741 2242 835 2286 omne
854 2219 963 2286 dedita
981 2243 1081 2306 opera
1098 2223 1238 2288 tractavi
1255 2222 1386 2310 Parerg.
1404 2248 1436 2310 p.

293 2331 355 2396 139
361 2351 434 2415 sqq.
468 2328 602 2417 Ambigi
616 2351 695 2394 sane
708 2331 826 2414 potest,
844 2351 922 2394 num
935 2328 1020 2394 forte
1034 2326 1217 2395 Corollaria
1230 2329 1348 2398 Naevii
1362 2332 1436 2397 inde

290 2439 407 2504 vocata
425 2437 478 2521 sit,
501 2435 586 2522 quod
606 2437 640 2500 in
658 2457 697 2500 ea
715 2434 906 2500 corollariae
921 2435 941 2501 'n
956 2458 982 2502 e.
997 2436 1282 2516 ετεφανοπώλιδοε
1302 2438 1354 2502 vel
1371 2459 1436 2504 cre·

291 2543 504 2624 φανηπλόκου
528 2547 637 2628 partes
662 2545 783 2608 essent:
807 2541 936 2626 quando
961 2539 1158 2608 ‘Corneliam
1171 2539 1210 2609 Α.
1229 2542 1249 2609 l.
1264 2541 1366 2609 Acten
1386 2567 1436 2610 co·

291 2647 469 2717 rollariam'
496 2648 599 2714 habes
625 2649 659 2714 in
682 2648 779 2714 titulo
802 2647 989 2742 Pisaurensi
1014 2646 1127 2714 Orellii
1150 2649 1238 2714 4173
1262 2671 1344 2734 quae
1367 2651 1438 2716 sine

291 2757 520 2844 hypocorismo
545 2755 737 2822 ‘coronaria'
761 2759 812 2821 est
833 2756 868 2821 in
886 2753 1075 2820 Florentino
1104 2755 1180 2822 ibid.
1204 2757 1292 2822 4172
1315 2754 1438 2842 (diem-

292 2865 366 2931 niae
389 2861 605 2948 Primigeniae
633 2859 861 2947 coronariae’),
889 2861 968 2926 item
992 2861 1077 2947 apud
1100 2861 1242 2927 Plinium
1264 2860 1340 2928 Nat.
1363 2863 1438 2930 hist

293 2969 384 3055 XXI,
411 2971 441 3034 4.
486 2967 608 3034 Verum
636 2991 677 3035 ne
704 2967 768 3035 hoc
791 2968 920 3054 quidem
943 2989 1007 3034 uno
1031 2967 1195 3053 exemplo,
1223 2968 1439 3060 etiamsinon

295 3081 410 3162 suapte
428 3077 546 3141 natura
564 3075 753 3162 ambiguum
773 3079 867 3160 esset,
890 3077 976 3140 recte
995 3079 1101 3158 utare;
1126 3073 1330 3141 ‘baccariam’
1351 3076 1438 3141 enim

294 3207 391 3270 quam
414 3182 546 3250 tandem
569 3183 631 3248 tibi
649 3183 865 3249 informabis?
902 3181 1061 3248 Novimus
1081 3182 1358 3262 taxuvorru‘rlrbue,
1381 3205 1438 3247 no·

171 3293 172 3296 ’
294 3293 398 3356 vimus
426 3289 684 3369 ὀπωροπώλιδαε
705 3292 873 3374 tamquam
897 3286 1106 3372 ipomarias'3
1135 3289 1191 3354 sed
1214 3290 1300 3356 solas
1323 3290 1439 3355 baccas

296 3397 434 3464 exclusis
461 3396 568 3482 pomis
596 3395 799 3462 venditantes
827 3395 979 3461 mulieres
1007 3418 1068 3460 usu
1095 3397 1223 3461 venisse
1245 3418 1312 3462 non
1334 3397 1440 3482 magis

296 3504 450 3571 credibile
480 3507 531 3570 est
558 3525 656 3589 quam
679 3502 804 3589 aliquas
828 3503 952 3569 scilicet
974 3503 1213 3570 κοκκοπώλιδαε
1236 3504 1308 3588 ipsa
1330 3503 1442 3590 lingua
1492 3519 1495 3528 ’

295 3611 395 3678 novit.
441 3608 647 3696 Consequens
671 3613 721 3676 est
743 3610 857 3696 igitur,
884 3613 921 3675 ut
944 3632 963 3674 a
987 3608 1107 3676 ‘bacca'
1130 3609 1181 3674 vel
1205 3607 1338 3675 ‘baccis'
1360 3609 1440 3695 ipsis

295 3719 408 3785 fabula
436 3739 556 3786 nomen
584 3717 735 3784 traxerit:
766 3717 852 3802 quod
881 3715 1076 3783 vocabulum
1105 3739 1178 3782 cum
1199 3738 1267 3781 non
1289 3715 1440 3782 Plautino

298 3830 429 3892 tantum
452 3823 591 3903 saccula
614 3823 671 3890 sed
694 3823 905 3908 locupletium
927 3823 1060 3887 testium
1083 3822 1145 3887 lide
1168 3821 1273 3908 (velut
1296 3823 1441 3889 codicum

297 3927 575 4019 Vergilianorum)
599 3931 697 3995 etiam
721 3933 870 4014 posterae
894 3928 1011 3993 aetatis
1034 3951 1095 3994 usu
1117 3950 1185 3994 non
1209 3929 1442 4014 geminatumc

297 4041 443 4106 litteram
478 4041 645 4122 tamquam
680 4037 859 4124 legitimam
892 4036 1086 4120 servaverit,
1124 4034 1310 4102 Bscsmsn
1342 4037 1442 4101 malui

298 4169 395 4232 quam
417 4145 624 4211 Bsocssns
646 4144 830 4210 inscribere.
854 4179 895 4190 —
920 4141 1031 4220 Qualis
1053 4147 1164 4209 tamen
1187 4143 1268 4209 baca
1290 4143 1442 4228 qualesve

299 4255 398 4320 bacae
422 4275 536 4319 ansam
558 4250 706 4316 dederint
728 4250 775 4315 sic
798 4249 1009 4334 appellandae
1031 4251 1171 4334 fabulae,
1193 4249 1280 4316 haud
1299 4271 1376 4314 sane
1395 4249 1442 4314 la-

300 4361 361 4425 cile
385 4359 472 4425 dictu
496 4361 553 4424 est
598 4357 690 4423 Nulli
713 4357 786 4422 usui
809 4361 963 4441 myrteas,
993 4356 1134 4436 laureas,
1160 4357 1347 4442 oleagineae
1371 4377 1442 4421 esse

300 4488 397 4552 posse
429 4464 480 4530 vel
513 4464 546 4528 id
577 4483 679 4551 genus
712 4462 805 4553 alias,
841 4485 935 4530 nemo
965 4485 1030 4530 non
1058 4462 1220 4529 concedet.
1271 4461 1380 4528 Vnum
1407 4463 1465 4528 in·
