3302 5106
662 404 918 453 noararosrcrs.
1296 387 1362 453 405

377 550 425 630 [h.
448 571 474 614 e.
507 548 627 613 Rerum
659 547 856 628 divinarum]
888 548 925 611 de
956 548 1041 612 natta
1073 549 1198 612 mnne
1229 549 1362 630 scripsit.

374 655 456 720 lbid.
480 679 505 721 o.
526 657 582 721 34:
605 657 691 739 apud
711 656 839 721 candem
869 655 1039 720 Varronem
1061 656 1096 718 in
1119 653 1196 719 libro
1219 655 1255 720 de
1277 655 1362 720 ntro

375 764 509 828 deornm

299 868 338 934 V.
375 869 561 935 Macrobius
585 867 652 934 Sat.
675 867 737 954 ΠΙ,
764 869 817 934 14:
856 869 956 934 Varro
983 871 1018 934 in
1047 871 1217 952 lapistorico
1239 869 1293 951 qni
1314 870 1362 934 in·

373 979 520 1043 scrrlritnr
537 977 689 1042 Marias
711 975 751 1040 de
767 976 934 1056 fortuna.
967 973 1073 1040 Sahal.
1083 974 1202 1042 Veron.
1216 975 1250 1040 in
1263 972 1361 1061 Vcrg.

374 1085 454 1149 Aen.
469 1083 542 1168 Vll,
565 1085 644 1149 681:
674 1083 795 1148 Varro.
811 1133 817 1146 .
833 1133 840 1147 .
856 1083 933 1148 libro
955 1084 1010 1164 qni
1033 1083 1210 1148 inscribitur
1233 1082 1361 1147 Marias

373 1195 429 1255 ont
451 1194 487 1256 cle
507 1192 645 1272 fortuna.

304 1298 353 1362 Ex
376 1298 428 1362 his
453 1297 609 1382 exemplis
633 1301 685 1362 sat
708 1301 796 1362 certa
815 1297 942 1362 videtur
961 1296 1146 1360 coniectura
1164 1295 1203 1360 de
1223 1298 1262 1360 iis
1282 1297 1360 1379 fieri,

215 1403 332 1489 quibus
356 1427 531 1490 suppresso
554 1405 795 1488 lapistoriaornrn
817 1403 950 1468 nomine
978 1403 1050 1467 libri
1072 1407 1200 1468 tantum
1224 1404 1360 1469 binomi-

215 1533 273 1575 nes
295 1516 598 1595 commemorantur,
621 1511 718 1596 plane
736 1515 774 1574 ut
792 1507 1004 1574 aGensorino
1023 1509 1145 1574 factum
1165 1509 1200 1575 in
1214 1509 1360 1596 Log.HI,

213 1621 247 1680 et
270 1639 290 1680 a
304 1615 496 1701 Vergiliano
515 1619 691 1701 interprete
710 1618 744 1680 in
758 1615 798 1681 V.
822 1615 946 1692 Quibus
970 1617 1082 1680 statim
1106 1617 1164 1681 illa
1186 1615 1361 1700 iungimus,

214 1745 287 1787 cum
311 1724 411 1787 etiam
434 1724 563 1789 brevius
587 1745 645 1788 nec
670 1724 859 1806 lapistoriens
881 1744 941 1786 nec
964 1722 1039 1786 leber
1061 1722 1187 1804 dicitur,
1211 1721 1266 1786 sed
1290 1722 1361 1804 ipsa

218 1829 348 1912 gemina
371 1829 542 1913 inscriptio
565 1829 698 1914 ponitur
721 1827 761 1893 ad
785 1827 1030 1892 similitudinem
1054 1826 1154 1892 Nonii
1177 1827 1211 1891 in
1235 1825 1314 1911 Lag.
1337 1825 1361 1891 l.

281 1933 335 1999 Vl.
374 1932 570 2000 Censorinus
594 1933 633 2000 de
657 1935 708 2000 die
731 1939 797 2000 nat.
822 1957 891 2018 cap.
910 1936 945 1999 2:
975 1935 1075 1999 Varro
1097 1935 1131 1998 in
1154 1954 1187 1999 eo
1210 1933 1288 1998 libro
1310 1935 1361 1998 nii

374 2042 482 2108 titnlns
509 2047 553 2108 est
578 2043 729 2107 Atticus
755 2045 784 2106 et
809 2047 854 2106 est
883 2040 917 2122 [f.
940 2047 969 2106 et
992 2043 1075 2106 intns
1099 2039 1171 2106 coll.
1194 2038 1273 2125 Lag.
1296 2039 1359 2122 ΠΙ]

371 2151 413 2215 de
434 2150 608 2214 numeris.
642 2147 844 2232 Quamquam
864 2147 902 2212 de
921 2147 982 2212 boc
1002 2151 1193 2233 argumento
1213 2151 1249 2211 ut
1267 2147 1360 2212 valde

373 2257 557 2322 dubitemus
581 2256 706 2321 faciunt
729 2277 810 2340 quae
835 2258 1025 2337 sequuntur:
1051 2255 1083 2316 id
1100 2255 1195 2317 neoris
1213 2254 1360 2318 instituti·
1373 2273 1394 2314 v

371 2385 428 2446 qne
445 2365 582 2450 naaiores,
595 2363 694 2428 nostri
713 2364 881 2442 tennnnnt,
899 2364 942 2440 nt,
961 2379 1030 2422 enne
1048 2360 1096 2422 die
1109 2359 1212 2422 natali
1229 2381 1361 2424 marens

372 2470 486 2532 annale
515 2470 604 2551 penio
635 2468 794 2544 solverent,
829 2485 958 2530 mannen
985 2486 1006 2528 a
1033 2467 1121 2530 caede
1147 2486 1184 2530 aa
1209 2468 1360 2549 scopatae

373 2574 560 2638 abstinerent
586 2595 611 2639 e.
636 2595 667 2658 q.
690 2595 714 2637 s.
760 2571 883 2648 Quibus
907 2571 1016 2637 verbis
1039 2573 1143 2638 multo
1166 2573 1357 2637 convenien-

373 2680 492 2744 tiorem
520 2699 590 2744 essa
618 2683 754 2763 apparet
776 2677 913 2743 Aldinae
943 2679 1138 2763 scripturam
1166 2681 1208 2744 dc
1235 2701 1358 2744 nerine-

373 2785 489 2864 ribns,
512 2785 580 2850 sive
603 2807 642 2850 ea
666 2808 683 2850 e
707 2785 870 2850 codicibus
893 2783 1000 2868 petita
1018 2788 1069 2849 est
1087 2784 1154 2848 siva
1174 2785 1359 2850 coniectura

373 2891 513 2957 inventa.
551 2889 613 2956 Sed
637 2889 801 2955 Ausonius
826 2889 949 2973 Popma
972 2889 1058 2974 quad
1081 2889 1186 2953 voluit
1208 2892 1359 2958 articulus

371 3021 431 3082 pro
454 2998 585 3077 Atti'ons,
609 3019 647 3063 eo
671 2997 753 3062 nihil
776 2995 967 3080 perversius.
993 3033 1033 3042 —-
1064 2993 1140 3060 Non
1163 2999 1273 3060 autem
1295 2997 1358 3063 huo

373 3106 516 3190 pertinet
539 3105 716 3191 Augustini
739 3103 795 3189 qui
818 3103 901 3168 falso
926 3103 1028 3167 fertur
1050 3102 1290 3188 testimonium,
1318 3104 1357 3169 dc

372 3213 587 3300 grammatica
601 3235 632 3297 p.
642 3211 738 3296 2008,
752 3212 794 3275 47
810 3209 857 3275 P.:
879 3210 977 3275 Varro
992 3210 1026 3273 in
1041 3209 1128 3274 lrlms
1142 3231 1357 3276 nnnierornrn:

372 3321 428 3386 ubi
448 3321 511 3385 etsi
530 3319 755 3405 corrigendum
779 3339 849 3382 esse
873 3317 950 3382 libro
973 3320 1136 3400 putamus,
1159 3321 1268 3382 tamen
1291 3341 1357 3383 non

372 3425 597 3511 logistoricum
625 3425 701 3507 dici,
729 3423 785 3487 sed
813 3445 914 3488 unum
943 3444 959 3487 e
982 3421 1236 3506 Disciplinarum
1264 3424 1356 3488 libris

373 3531 599 3612 Vetranionis,
622 3529 701 3594 alibi
725 3528 1019 3593 demonstrabimus
1045 3531 1086 3609 [v.
1106 3551 1205 3614 supra
1222 3553 1252 3613 p.
1267 3531 1356 3612 362}

264 3636 337 3702 Vll.
374 3637 497 3701 Gellius
520 3633 614 3719 XIII,
636 3635 671 3699 4:
708 3635 743 3699 in
772 3635 848 3699 libro
877 3635 1028 3700 Varronis
1049 3637 1104 3717 qni
1125 3637 1292 3718 irnariprtaas
1313 3643 1358 3701 est
1390 3687 1394 3695 .
1449 3718 1452 3730 Ι

373 3743 517 3809 Orestes
538 3743 584 3808 acl
605 3743 647 3807 de
669 3742 833 3806 insania.
1392 3730 1396 3736 ’
1441 3737 1443 3745 ’

245 3848 333 3914 Vlll.
370 3849 459 3914 Idem
483 3849 593 3933 XVII,
619 3850 673 3914 18:
710 3849 758 3914 M.
789 3847 887 3914 Varro
917 3849 952 3913 in
981 3847 1057 3914 libro
1086 3867 1174 3931 pern
1201 3847 1357 3932 inscripsit

372 3957 464 4022 Pins
485 3962 541 4021 ant
562 3959 601 4021 dc
617 3977 717 4039 paee.

280 4061 336 4127 IX.
372 4063 461 4128 Idem
476 4062 563 4146 XVI,
577 4063 612 4126 9:
635 4064 682 4128 M.
703 4063 802 4129 Varro
824 4063 860 4128 in
877 4062 1038 4129 Sisenna
1060 4061 1106 4127 cel
1127 4063 1168 4130 de
1185 4061 1355 4128 historia.

292 4168 331 4234 X.
369 4168 495 4234 Nonius
509 4190 539 4252 p.
554 4170 667 4250 1222:
692 4169 791 4235 Varro
805 4167 932 4253 Pappa
950 4173 1006 4233 ant
1025 4171 1090 4250 [de]
1106 4169 1354 4252 indipe[ntia].

372 4275 426 4342 Sic
449 4275 536 4340 enim
559 4275 716 4340 librorum
740 4299 815 4342 mss.
838 4276 978 4362 vestigia
999 4275 1084 4340 baud
1109 4275 1217 4358 paullo
1239 4276 1355 4359 praba·

373 4383 470 4448 bilius
499 4383 648 4467 supplere
676 4382 820 4448 videmur
847 4405 944 4468 quam
967 4404 1039 4447 aum
1062 4381 1208 4446 Ausonia
1232 4379 1355 4465 Popma

371 4491 408 4557 a
429 4490 681 4576 innuens.
