3294 5104
279 365 345 430 322
550 381 792 442 ovansmonns
817 381 1150 430 ononnronoercna.

322 546 380 607 per
403 524 527 608 aliquot
549 525 749 609 pertinebat:
773 524 869 608 plane
892 527 929 587 ut
952 524 983 588 in
1004 523 1181 589 Decurtato
1205 545 1276 588 esse
1299 522 1424 588 factum

321 631 481 715 videmus,
510 654 546 695 ex
574 635 669 715 parte
693 632 792 696 etiam
815 631 848 694 in
873 630 1083 696 Ambrosiani
1107 631 1151 696 eis
1177 629 1271 713 locis,
1297 629 1353 694 nbi
1377 629 1423 693 bi-

320 759 436 802 norum
464 738 499 801 in
527 759 716 802 scaenarum
744 735 914 820 principiis
938 758 1088 801 versuum
1112 737 1234 821 spatia,
1261 735 1424 800 destinata

322 866 359 908 ea
387 849 535 910 actorum
562 843 763 926 nominibus,
796 864 899 908 vacua
926 843 1041 908 relicta
1069 846 1156 926 sunt,
1189 846 1226 907 ut
1254 843 1320 906 suis
1345 841 1424 905 loeis

322 951 496 1036 diligenter
523 949 757 1014 adnotavimus.
803 947 875 1014 Tali
903 949 1005 1035 igitur
1034 949 1144 1014 codice
1168 949 1270 1014 utenti
1294 971 1353 1013 nee
1377 949 1423 1012 in·

321 1057 444 1142 tegrius
474 1055 638 1139 exemplar
661 1056 694 1120 iu
717 1058 871 1139 promptu
894 1055 1043 1139 habenti,
1072 1055 1125 1139 qui
1151 1056 1309 1120 iacturam
1333 1055 1424 1120 illam

321 1164 426 1248 quoad
453 1166 566 1248 posset
593 1163 748 1227 resarcire
778 1161 891 1244 vellet,
918 1161 1001 1225 nihil
1025 1162 1184 1246 reliquum
1208 1165 1279 1226 erat
1300 1161 1365 1226 nisi
1388 1165 1424 1226 ut

320 1293 358 1335 ex
387 1271 489 1354 ipsius
518 1270 625 1335 verbis
652 1272 769 1352 poetae
793 1269 922 1352 singula
945 1268 1133 1334 testimonia
1156 1269 1361 1353 conquireret
1383 1267 1423 1332 ad

321 1377 487 1460 deperdita
514 1377 549 1440 iu
578 1398 768 1441 scaenarum
796 1375 1008 1458 inscriptione
1036 1376 1168 1440 nomina
1195 1375 1423 1460 aliquomodo

320 1483 552 1567 recuperanda:
576 1482 672 1567 idque
691 1483 769 1547 fecit
789 1483 843 1566 qni
863 1504 879 1545 e
900 1479 1037 1546 Oasinae
1056 1505 1151 1546 versu
1170 1482 1209 1568 V,
1224 1483 1254 1566 3,
1276 1483 1315 1547 16
1335 1483 1422 1547 senis

319 1599 435 1656 nomen
448 1586 645 1654 STALICIO
656 1589 860 1673 postliminio
877 1589 1045 1653 restituere
1061 1589 1123 1653 sibi
1139 1590 1227 1655 visus
1242 1594 1301 1655 est.
1324 1588 1418 1654 Eius·

322 1698 394 1762 dem
428 1701 537 1761 eutem
569 1699 602 1761 et
634 1697 832 1762 condicionis
866 1699 899 1759 et
930 1696 1058 1764 consilii
1091 1699 1140 1762 vis
1173 1697 1259 1762 haud
1287 1697 1353 1762 scio
1383 1718 1424 1760 an

322 1806 420 1869 etiam
451 1803 491 1868 ad
516 1801 619 1868 Stichi
648 1803 891 1868 memorabilem
915 1802 1006 1867 illam
1028 1825 1240 1888 personarum
1263 1806 1424 1867 transmu-

320 1912 479 1976 tationem
512 1909 622 1992 aliqua
653 1931 690 1974 ex
719 1913 811 1993 parte
838 1909 1045 1994 pertinuerit,
1079 1932 1176 1994 quam
1205 1931 1302 1993 supra
1329 1908 1423 1992 tetigi

321 2019 381 2082 snb
405 2015 615 2094 Ἐπίγνωμοεε
644 2037 841 2100 quamquam
869 2016 1073 2099 aliquantum
1103 2016 1188 2080 inter
1212 2019 1349 2100 utraque
1373 2036 1424 2079 ex-

322 2125 430 2209 empla
457 2123 613 2189 interesse
641 2122 773 2186 minime
801 2143 852 2186 me
880 2121 975 2206 fugit.
999 2161 1041 2167 —
1065 2121 1152 2188 Haec
1182 2125 1290 2188 autem
1314 2122 1425 2187 omnia

322 2232 348 2295 si
378 2231 428 2295 cui
458 2229 628 2296 ariolantis
656 2229 766 2313 potius
790 2251 874 2314 esse,
902 2233 934 2292 et
958 2250 1040 2313 quae
1063 2228 1133 2292 fieri
1157 2228 1335 2313 potuerint,
1358 2249 1423 2292 non

323 2360 404 2422 quae
427 2337 515 2402 lacta
538 2338 604 2402 sint
626 2358 755 2420 reapse,
777 2335 989 2420 proponentis
1012 2333 1191 2417 videantur,
1215 2357 1263 2418 en,
1286 2334 1424 2417 locuple-

321 2445 467 2509 tissimus
495 2445 562 2507 iam
585 2442 678 2506 testis
703 2463 904 2525 sponsorque
928 2440 1080 2526 flagitans
1104 2439 1200 2506 fidem
1224 2441 1324 2506 codex
1347 2441 1424 2506 Am-

321 2552 492 2616 brosianus
520 2549 667 2633 prodeat,
693 2548 799 2631 ipsum
822 2548 1009 2614 Plautinum
1034 2548 1119 2613 senis
1143 2569 1262 2612 nomen
1285 2547 1425 2630 prodens

322 2679 341 2722 a
365 2653 509 2721 ‘Scotino'
533 2655 590 2718 illo
612 2641 876 2728 diversissimum.
922 2641 961 2716 ln
984 2674 1022 2718 eo
1046 2653 1131 2716 enim
1156 2654 1264 2719 codice
1288 2654 1424 2718 duarum

322 2783 508 2828 scaenarum
536 2759 762 2842 inscriptiones
792 2757 872 2822 haec
900 2763 975 2822 ante
1004 2758 1065 2822 hos
1093 2757 1185 2822 XXX
1214 2781 1316 2825 annos
1345 2760 1425 2824 mihi

322 2871 555 2952 apparuerunt:
592 2863 656 2947 ΙΙΙ,
688 2865 709 2928 4
745 2861 988 2930 ALOESIMUS
1020 2863 1282 2944 L·S)DAMUS,
1315 2866 1378 2950 ΙΙΙ,
1404 2867 1426 2931 5

320 2969 595 3038 PARDALISCA
609 2970 651 3035 L·
665 2968 862 3035 ·IDAMUS:
884 2970 968 3036 unde
987 2975 1075 3035 certe
1090 2971 1207 3036 certius
1222 2972 1425 3058 intellegitur

322 3080 391 3144 seni
420 3101 476 3144 suo
507 3081 637 3162 poetam
660 3099 778 3144 nomen
801 3077 996 3161 imposuisse
1019 3079 1197 3161 Lysidurno.
1242 3075 1341 3144 Cuius
1369 3101 1425 3143 no·
1490 3075 1497 3093 ⁸

321 3184 418 3248 minis
438 3184 575 3248 formam
598 3184 741 3250 doricam
765 3184 845 3248 satis
865 3183 974 3248 firmat
988 3183 1193 3250 Philodamus
1208 3183 1425 3272 Asinariae.*)

281 3341 394 3348 --—-..-.
414 3341 422 3345 -
429 3339 492 3346 σ-

351 3413 378 3483 *)
399 3413 488 3484 [Quae
507 3430 591 3482 supra
610 3413 644 3468 dc
657 3412 806 3484 Lysidamo
825 3411 930 3483 scripta
944 3413 1016 3481 sunt,
1036 3429 1070 3467 ea
1083 3412 1254 3468 Ritschelius
1269 3429 1341 3468 anno
1357 3419 1424 3469 18⁷1,

277 3503 334 3558 iam
364 3501 399 3556 ad
424 3499 569 3555 Alfredum
593 3501 805 3556 Fleckeisenum
833 3499 956 3570 miserat,
987 3517 1050 3555 cum
1075 3499 1124 3556 ille
1150 3499 1425 3558 dissertatiunculam

277 3607 355 3645 suam
381 3589 447 3644 ‘aar
468 3587 679 3646 Plautiniscben
701 3589 911 3660 mammoloqie‘
931 3589 1094 3659 inscriptam
1114 3593 1143 3646 et
1160 3593 1259 3660 postea
1275 3589 1304 3642 in
1323 3589 1424 3646 Annal.

278 3678 375 3750 philol.
404 3681 472 3733 tom.
499 3677 559 3732 Clll
585 3697 611 3749 p.
636 3685 686 3735 637
710 3699 769 3751 sqq.
798 3681 902 3736 editam
932 3697 994 3734 oum
1018 3681 1079 3748 ipso
1103 3679 1343 3734 communicasset.
1385 3677 1425 3733 lbi

278 3767 353 3822 enim
377 3785 440 3822 cum
457 3770 600 3824 nanctum
620 3771 706 3836 esset,
730 3769 829 3823 eadem
848 3769 905 3823 fere
924 3767 959 3821 de
979 3767 1129 3836 Lysidamo
1148 3785 1166 3822 a
1185 3767 1377 3822 Studemundo
1395 3767 1425 3822 in

278 3857 438 3926 nuperrimo
466 3859 673 3926 programmate
701 3857 829 3928 exposita
856 3873 928 3924 esse,
956 3853 1126 3910 Ritschelius
1155 3855 1191 3909 ad
1213 3855 1424 3912 Fleckeiscnum

277 3945 346 3998 haec
366 3943 489 4013 scripsit=
511 3945 610 3998 ‘Deine
629 3944 879 4000 handschrit’diche
892 3943 1056 4014 mitteilung
1073 3943 1123 3998 des
1138 3945 1342 4002 vorstehenden
1358 3963 1424 4000 onc-

277 4031 500 4102 matologicums,
519 4033 608 4088 lieber
625 4033 733 4097 srsund,
753 4032 886 4089 erwidere
905 4032 950 4086 ich
969 4032 1022 4088 mit
1036 4033 1198 4103 ausendung
1211 4033 1260 4088 der
1274 4034 1424 4088 desselben

277 4121 444 4194 Ipsffloesus
462 4120 651 4176 betreffenden
671 4120 939 4178 handschriftlichen
958 4119 1071 4188 blattas,
1093 4121 1147 4190 die,
1166 4121 1271 4176 hereits
1289 4122 1326 4176 im
1343 4123 1424 4192 jahre

278 4217 347 4266 1868
370 4209 555 4279 druclrfertig‚
581 4210 660 4264 einen
684 4210 735 4264 teil
760 4209 809 4264 der
828 4207 1023 4277 «quaestiones
1042 4210 1301 4280 onomatologicse»
1321 4210 1424 4278 bilder,

277 4299 383 4352 welche
411 4299 497 4353 sehon
521 4299 585 4354 dem
609 4301 700 4354 ersten
723 4298 815 4354 bande
839 4298 943 4353 meiner
966 4299 1100 4368 opuscula
1123 4299 1290 4354 einverlcibt
1313 4299 1424 4354 werden

278 4387 397 4454 sollten,
417 4389 483 4442 aber·
502 4405 551 4442 aus
569 4387 623 4442 deu
642 4387 703 4442 hier
722 4406 742 4442 s.
762 4393 811 4443 841
834 4387 889 4442 und
908 4387 936 4442 in
956 4387 1005 4443 der
1022 4389 1137 4444 rorrcde
1156 4407 1189 4442 au
1208 4387 1253 4440 bd.
1274 4386 1299 4438 ΙΙ
1319 4405 1340 4440 s.
1360 4385 1424 4441 XXI

278 4475 481 4544 angedeuteten
503 4477 629 4544 granden
648 4476 883 4547 zumehgebalten
902 4476 1016 4532 wurden
1035 4478 1092 4532 sind
1110 4495 1167 4532 nun
1186 4477 1243 4530 erat
1260 4475 1426 4530 dumnacum
