3294 5104
592 415 864 464 mscuauusuvn
887 416 1008 462 marus.
1303 397 1367 462 361

225 563 334 626 ticano
359 562 488 646 quidem
513 559 702 645 apographo
727 581 765 622 ea
788 557 826 622 de
850 581 913 643 qua
932 558 1058 642 agimus
1082 558 1250 642 inscriptio
1275 557 1369 622 etde

225 670 310 734 casis
340 669 499 751 expositio
529 668 718 733 coniunctae
746 669 830 730 sunt.
876 665 1019 741 Quarum
1047 687 1153 730 rerum
1176 665 1271 728 testis
1296 663 1369 727 Blu·

226 776 310 839 mins
335 799 368 876 p.
391 775 450 837 191
470 795 515 857 sq.
542 774 604 837 193
628 776 661 836 91
686 770 757 836 195.

314 881 389 946 Non
412 881 513 944 aliurn
536 878 599 943 nisi
622 878 661 942 cle
684 877 863 962 geometria
882 878 1001 942 librum
1025 876 1158 942 Boetius
1183 879 1238 962 qui
1268 879 1371 942 fertur

226 987 390 1072 significat
408 1008 446 1049 eo
466 984 734 1049 commentariolo
754 983 808 1068 qui
824 984 1011 1048 inscribitur
1024 986 1060 1049 dc
1071 985 1255 1068 peomctrio:
1280 985 1371 1049 cuius

227 1117 309 1178 quae
333 1115 408 1158 vera
432 1092 517 1156 ratio
542 1091 600 1174 sit,
623 1090 764 1154 ciusdem
788 1089 916 1154 demum
942 1089 1061 1154 Blumii
1085 1091 1255 1176 diligentia
1278 1095 1368 1175 patc-

226 1203 348 1266 factum
373 1203 423 1263 est
445 1221 476 1282 p.
500 1199 565 1262 228
578 1219 646 1282 sqq.
671 1197 736 1262 235
747 1219 815 1280 sqq.
858 1195 910 1260 En
938 1197 1038 1261 verba
1065 1199 1236 1281 personati
1264 1197 1371 1263 Boetii

227 1331 256 1392 p.
283 1308 368 1372 1234
392 1305 440 1370 ed.
463 1305 537 1370 Bas.
562 1305 703 1369 a1546:
728 1304 794 1369 Nos
818 1308 927 1386 tumen,
951 1305 1087 1386 pirardo
1109 1306 1246 1370 accuser-is
1268 1327 1290 1368 u
1313 1306 1371 1369 Ni-

227 1412 366 1480 comacho
389 1411 536 1490 diatrsius
558 1411 717 1492 disputata
739 1415 824 1487 simt,
847 1410 892 1473 ccl
915 1429 936 1472 u
965 1409 1103 1475 Varrouc
1125 1413 1166 1476 dc
1188 1411 1373 1476 meusurr's

174 1581 182 1592 ,
228 1525 347 1585 ostensu
378 1524 462 1601 scrut,
494 1517 653 1582 urcdcrotu
683 1516 825 1581 breuitate
857 1517 1037 1600 cotlcpimus.
1088 1517 1181 1582 Vnde
1209 1517 1372 1602 profectus

134 1671 137 1677 -
230 1626 339 1691 nescio
364 1647 404 1690 au
429 1625 541 1690 eodem
564 1627 650 1687 recte
674 1623 753 1688 haec
776 1623 913 1688 referam
937 1623 1095 1688 Prisciani
1111 1625 1190 1689 VIII
1214 1647 1245 1708 p.
1260 1624 1323 1689 818
1339 1623 1373 1687 P.

228 1733 307 1818 (493
323 1730 405 1818 Kr.):
432 1733 509 1813 infit,
531 1731 618 1794 cuius
637 1729 737 1794 Varro
756 1731 790 1794 iu
808 1731 1033 1796 uicrrsuralilms
1045 1733 1186 1813 mimum
1198 1733 1290 1813 periit
1304 1753 1372 1812 pcr-

228 1859 338 1906 souom
361 1839 444 1920 iudo.
490 1836 534 1900 Et
560 1835 683 1900 habent
710 1835 763 1899 hio
792 1836 921 1920 quidam
950 1836 1075 1902 codices
1105 1838 1204 1903 Varro
1234 1839 1268 1902 iu
1291 1859 1373 1902 urmi-

227 1946 319 2012 suris
356 1943 495 2008 Multum
518 1941 644 2006 fallitur
667 1941 824 2007 Oahlcrus
838 1943 932 2010 Varr.
952 1943 1018 2009 Sat.
1041 1967 1071 2028 p.
1082 1945 1124 2010 66
1148 1945 1373 2030 logistoricum

228 2054 328 2118 fuisse
350 2053 386 2116 de
407 2050 562 2116 murmuris
584 2049 778 2132 inscriptum
802 2049 975 2116 coniciens.

320 2374 347 2437 1.
392 2371 441 2436 De
465 2369 687 2454 astrologia
715 2389 840 2453 quoque
864 2373 975 2452 aperte
998 2373 1137 2435 testetur
1161 2369 1373 2436 Cassiodorus

230 2503 254 2545 c.
285 2481 305 2544 6
337 2501 367 2562 p.
395 2478 503 2543 occa:
540 2481 639 2540 status
670 2475 829 2540 stellarum
861 2481 905 2541 est
935 2479 1017 2558 pared
1047 2477 1160 2543 Graeci
1191 2474 1374 2562 στηριγμόν

230 2589 354 2651 uocum:
376 2584 461 2666 piria,
484 2585 559 2648 dum
581 2582 670 2646 stella
692 2603 808 2665 semper
826 2589 990 2662 moueatur,
1013 2589 1149 2650 admirari
1168 2586 1202 2649 iu
1220 2584 1375 2667 aliquibus

231 2693 303 2758 iocis
325 2697 407 2757 sture
428 2691 555 2754 videtur.
583 2707 660 2752 uam
682 2694 711 2752 ct
726 2689 826 2755 Varro
850 2690 927 2754 libro
949 2711 1037 2773 quem
1059 2692 1095 2756 de
1117 2691 1284 2775 ustrolopiu
1306 2712 1375 2756 cou-

229 2799 365 2880 scripsit,
396 2797 516 2861 stellam
547 2799 762 2860 commeruerat
791 2795 830 2860 ab
856 2797 965 2861 stuudo
992 2799 1114 2862 dictum.
1159 2797 1244 2861 Flam
1268 2801 1375 2862 autem

231 2904 380 2968 vocabuli
403 2902 606 2968 notationem
631 2905 663 2966 et
685 2901 828 2966 Isidorus
852 2903 994 2986 suscepit
1017 2902 1066 2969 III
1090 2925 1115 2967 c.
1139 2903 1181 2968 59
1205 2903 1319 2986 9160,
1343 2909 1376 2968 et

232 3033 306 3075 vero
330 3009 514 3074 Marcianus
540 3007 666 3097 quoquc
690 3007 770 3072 VIII
793 3029 823 3091 p.
839 3007 904 3072 275
928 3008 1003 3092 ima,
1027 3012 1060 3072 et
1081 3009 1109 3073 is
1133 3010 1262 3095 quidem
1284 3031 1375 3092 qucu-

231 3119 304 3182 dum
318 3117 531 3180 Romanorum
544 3119 722 3181 antestans
741 3135 803 3179 uou
815 3135 875 3197 per
892 3115 998 3180 omum
1018 3117 1162 3199 rpuammr
1180 3117 1255 3182 sutri:
1280 3139 1374 3200 quem

232 3245 327 3290 nemo
350 3245 417 3286 non
441 3222 528 3287 videt
551 3223 657 3306 ipsum
682 3222 861 3287 Varronem
886 3222 957 3286 dici.
1005 3223 1075 3299 Quo
1098 3223 1256 3289 Marciani
1279 3222 1318 3287 de
1342 3247 1376 3288 se

233 3333 303 3414 ipso
332 3329 518 3394 testimonio
548 3328 692 3412 profecto
720 3350 786 3392 non
814 3327 987 3392 mediocris
1015 3329 1094 3392 fides
1118 3329 1148 3392 ei
1171 3329 1375 3395 coniecturae

235 3437 377 3520 addItur,
410 3457 473 3519 qua
500 3435 594 3497 illum
618 3433 764 3498 Varrone
788 3433 899 3516 aliqua
922 3456 960 3498 ex
984 3439 1077 3518 parte
1100 3458 1194 3500 usum
1218 3459 1287 3501 esse
1310 3436 1375 3500 iarn

234 3565 331 3627 supra
354 3541 628 3629 significabamus.
663 3538 815 3604 Ceterum
834 3539 965 3622 ipuarus
982 3542 1051 3624 moi,
1075 3543 1159 3625 quod
1184 3543 1299 3626 editur,
1321 3544 1375 3607 vix

235 3649 364 3734 scripsIt
396 3647 594 3731 Marcianus,
631 3647 686 3710 sed
718 3645 811 3710 milri:
853 3668 967 3710 caussa
999 3648 1116 3713 erroris
1149 3649 1375 3734 compendium

235 3756 422 3840 scriptionis
445 3755 510 3820 fuit
532 3743 572 3820 ui.

325 3863 354 3926 2.
400 3861 449 3924 De
484 3860 630 3926 musica
662 3859 883 3925 testimonium
917 3861 1046 3946 quidem
1075 3883 1140 3925 non
1170 3863 1288 3945 exstat,
1321 3862 1377 3924 sed

236 3970 349 4049 aperta
378 3967 458 4030 satis
487 3968 682 4051 significatio
710 3967 748 4032 fit
776 3967 918 4032 eiusdem
947 3968 1055 4032 verbis
1085 3965 1271 4033 Cassiodori
1299 3989 1324 4031 o.
1356 3965 1416 4031 511

234 4095 265 4156 p.
280 4071 386 4136 soth:
409 4075 556 4152 quonium
577 4073 772 4157 hyperlydius
791 4080 879 4140 tonus
897 4077 1035 4140 ommium
1053 4076 1248 4141 acutissimus
1266 4079 1377 4157 septem

237 4180 317 4244 tuuis
334 4177 491 4260 praecedit
511 4177 726 4262 Impurdorium
749 4183 888 4246 omuium
902 4183 1130 4265 monastirium.
1154 4184 1189 4245 iu
1207 4181 1325 4263 quibua,
1343 4186 1381 4245 rit

241 4285 341 4350 Vurro
365 4286 517 4368 pirminii,
547 4289 650 4348 tautae
672 4287 816 4351 utilitatis
838 4289 937 4353 uirtus
959 4293 1079 4352 ostensu
1102 4293 1156 4368 cst,
1179 4292 1214 4350 ut
1235 4289 1379 4353 excitatos

235 4395 357 4458 opimos
379 4392 505 4470 sedaret,
528 4391 613 4472 ipsas
635 4411 751 4472 quoque
773 4391 883 4458 testim
905 4413 959 4457 uec
980 4414 1043 4457 uou
1065 4399 1094 4457 ct
1114 4398 1271 4478 serpentes,
1295 4396 1376 4460 uolri-

236 4522 300 4568 crcs
326 4505 416 4585 utque
445 4498 604 4584 dctprdiuas
631 4497 674 4563 ud
699 4498 842 4564 auditum
869 4519 942 4564 succ
965 4498 1183 4566 modulatioris
1205 4501 1378 4568 uttrulrrrct.
