<?xml version="1.0" encoding="UTF-8"?>
<!DOCTYPE html PUBLIC "-//W3C//DTD XHTML 1.0 Transitional//EN"
    "http://www.w3.org/TR/xhtml1/DTD/xhtml1-transitional.dtd">
<html xmlns="http://www.w3.org/1999/xhtml" xml:lang="en" lang="en">
 <head>
  <title>
</title>
<meta http-equiv="Content-Type" content="text/html;charset=utf-8" />
  <meta name='ocr-system' content='tesseract 3.04.00' />
  <meta name='ocr-capabilities' content='ocr_page ocr_carea ocr_par ocr_line ocrx_word'/>
</head>
<body>
  <div class='ocr_page' id='page_1' title='image "./fridericiritsch09wachgoog_0577.png"; bbox 0 0 3288 5100; ppageno 0'>
   <div class='ocr_carea' id='block_1_1' title="bbox 247 366 1057 434">
    <p class='ocr_par' dir='ltr' id='par_1_1' title="bbox 247 366 1057 434">
     <span class='ocr_line' id='line_1_1' title="bbox 247 366 1057 434; baseline -0.007 0"><span class='ocrx_word' id='word_1_1' title='bbox 247 368 312 434; x_wconf 82' lang='lat'>550</span> <span class='ocrx_word' id='word_1_2' title='bbox 577 385 693 431; x_wconf 81' lang='lat' dir='ltr'>nunna</span> <span class='ocrx_word' id='word_1_3' title='bbox 716 366 859 432; x_wconf 79' lang='lat' dir='ltr'>vnuao&#39;s</span> <span class='ocrx_word' id='word_1_4' title='bbox 883 385 1057 432; x_wconf 78' lang='lat' dir='ltr'>iuncinum</span> 
     </span>
    </p>
   </div>
   <div class='ocr_carea' id='block_1_2' title="bbox 123 527 1441 4542">
    <p class='ocr_par' dir='ltr' id='par_1_2' title="bbox 123 527 1441 4542">
     <span class='ocr_line' id='line_1_2' title="bbox 246 527 1398 612; baseline -0.003 -19"><span class='ocrx_word' id='word_1_5' title='bbox 246 529 469 593; x_wconf 88' lang='lat' dir='ltr'>Romanorum</span> <span class='ocrx_word' id='word_1_6' title='bbox 501 527 707 611; x_wconf 79' lang='lat' dir='ltr'>potissimum</span> <span class='ocrx_word' id='word_1_7' title='bbox 741 527 905 612; x_wconf 82' lang='lat' dir='ltr'>ipsiusque</span> <span class='ocrx_word' id='word_1_8' title='bbox 935 527 1093 592; x_wconf 84' lang='lat' dir='ltr'>Varronis</span> <span class='ocrx_word' id='word_1_9' title='bbox 1127 531 1234 592; x_wconf 87' lang='lat' dir='ltr'>mente</span> <span class='ocrx_word' id='word_1_10' title='bbox 1266 527 1398 610; x_wconf 84' lang='lat' dir='ltr'>fuerint,</span> 
     </span>
     <span class='ocr_line' id='line_1_3' title="bbox 196 632 1399 720; baseline 0.006 -29"><span class='ocrx_word' id='word_1_11' title='bbox 196 653 243 692; x_wconf 88' lang='lat' dir='ltr'>vu</span> <span class='ocrx_word' id='word_1_12' title='bbox 253 635 499 720; x_wconf 86' lang='lat' dir='ltr'>quaesierimus,</span> <span class='ocrx_word' id='word_1_13' title='bbox 531 634 584 697; x_wconf 86' lang='lat' dir='ltr'>vix</span> <span class='ocrx_word' id='word_1_14' title='bbox 607 637 659 697; x_wconf 88' lang='lat' dir='ltr'>est</span> <span class='ocrx_word' id='word_1_15' title='bbox 682 632 855 697; x_wconf 88' lang='lat' dir='ltr'>verendum</span> <span class='ocrx_word' id='word_1_16' title='bbox 880 655 919 696; x_wconf 89' lang='lat' dir='ltr'>ne</span> <span class='ocrx_word' id='word_1_17' title='bbox 943 653 963 696; x_wconf 92' lang='lat' dir='ltr'>a</span> <span class='ocrx_word' id='word_1_18' title='bbox 985 634 1123 698; x_wconf 86' lang='lat' dir='ltr'>veritate</span> <span class='ocrx_word' id='word_1_19' title='bbox 1152 634 1281 719; x_wconf 81' lang='lat' dir='ltr'>longius</span> <span class='ocrx_word' id='word_1_20' title='bbox 1309 634 1399 698; x_wconf 89' lang='lat' dir='ltr'>aber-</span> 
     </span>
     <span class='ocr_line' id='line_1_4' title="bbox 249 739 1399 824; baseline 0 -19"><span class='ocrx_word' id='word_1_21' title='bbox 249 764 365 806; x_wconf 86' lang='lat' dir='ltr'>remus.</span> <span class='ocrx_word' id='word_1_22' title='bbox 406 741 521 824; x_wconf 90' lang='lat' dir='ltr'>Itaque</span> <span class='ocrx_word' id='word_1_23' title='bbox 553 739 604 804; x_wconf 89' lang='lat' dir='ltr'>his</span> <span class='ocrx_word' id='word_1_24' title='bbox 633 743 670 803; x_wconf 92' lang='lat' dir='ltr'>ut</span> <span class='ocrx_word' id='word_1_25' title='bbox 697 743 829 803; x_wconf 88' lang='lat' dir='ltr'>utamur</span> <span class='ocrx_word' id='word_1_26' title='bbox 860 740 894 803; x_wconf 92' lang='lat' dir='ltr'>in</span> <span class='ocrx_word' id='word_1_27' title='bbox 928 739 1148 822; x_wconf 89' lang='lat' dir='ltr'>disputatione</span> <span class='ocrx_word' id='word_1_28' title='bbox 1181 745 1308 824; x_wconf 89' lang='lat' dir='ltr'>nostra,</span> <span class='ocrx_word' id='word_1_29' title='bbox 1339 762 1399 805; x_wconf 87' lang='lat' dir='ltr'>nec</span> 
     </span>
     <span class='ocr_line' id='line_1_5' title="bbox 248 846 1399 930; baseline -0.001 -19"><span class='ocrx_word' id='word_1_30' title='bbox 248 848 354 911; x_wconf 87' lang='lat' dir='ltr'>Varro</span> <span class='ocrx_word' id='word_1_31' title='bbox 397 847 503 930; x_wconf 91' lang='lat' dir='ltr'>potuit</span> <span class='ocrx_word' id='word_1_32' title='bbox 543 868 602 911; x_wconf 91' lang='lat' dir='ltr'>nec</span> <span class='ocrx_word' id='word_1_33' title='bbox 639 846 858 911; x_wconf 83' lang='lat' dir='ltr'>Romanorum</span> <span class='ocrx_word' id='word_1_34' title='bbox 902 846 1072 930; x_wconf 90' lang='lat' dir='ltr'>quisquam</span> <span class='ocrx_word' id='word_1_35' title='bbox 1111 869 1176 911; x_wconf 91' lang='lat' dir='ltr'>non</span> <span class='ocrx_word' id='word_1_36' title='bbox 1217 847 1399 912; x_wconf 88' lang='lat' dir='ltr'>discernere</span> 
     </span>
     <span class='ocr_line' id='line_1_6' title="bbox 249 952 1397 1037; baseline -0.003 -20"><span class='ocrx_word' id='word_1_37' title='bbox 249 954 412 1037; x_wconf 82' lang='lat' dir='ltr'>publicam</span> <span class='ocrx_word' id='word_1_38' title='bbox 446 975 465 1016; x_wconf 91' lang='lat' dir='ltr'>a</span> <span class='ocrx_word' id='word_1_39' title='bbox 497 953 625 1037; x_wconf 86' lang='lat' dir='ltr'>privata</span> <span class='ocrx_word' id='word_1_40' title='bbox 656 953 792 1033; x_wconf 86' lang='lat' dir='ltr'>virtute,</span> <span class='ocrx_word' id='word_1_41' title='bbox 830 952 994 1036; x_wconf 83' lang='lat' dir='ltr'>publicam</span> <span class='ocrx_word' id='word_1_42' title='bbox 1028 955 1135 1016; x_wconf 87' lang='lat' dir='ltr'>autern</span> <span class='ocrx_word' id='word_1_43' title='bbox 1168 953 1214 1017; x_wconf 90' lang='lat' dir='ltr'>eis</span> <span class='ocrx_word' id='word_1_44' title='bbox 1247 953 1397 1037; x_wconf 87' lang='lat' dir='ltr'>partibus</span> 
     </span>
     <span class='ocr_line' id='line_1_7' title="bbox 249 1058 1399 1144; baseline -0.002 -20"><span class='ocrx_word' id='word_1_45' title='bbox 249 1060 374 1124; x_wconf 90' lang='lat' dir='ltr'>duabus</span> <span class='ocrx_word' id='word_1_46' title='bbox 403 1081 546 1141; x_wconf 90' lang='lat' dir='ltr'>censere,</span> <span class='ocrx_word' id='word_1_47' title='bbox 573 1081 709 1144; x_wconf 90' lang='lat' dir='ltr'>quarum</span> <span class='ocrx_word' id='word_1_48' title='bbox 733 1059 837 1125; x_wconf 88' lang='lat' dir='ltr'>altera</span> <span class='ocrx_word' id='word_1_49' title='bbox 860 1059 900 1124; x_wconf 88' lang='lat' dir='ltr'>ad</span> <span class='ocrx_word' id='word_1_50' title='bbox 928 1058 1079 1123; x_wconf 86' lang='lat' dir='ltr'>bellicam</span> <span class='ocrx_word' id='word_1_51' title='bbox 1108 1060 1235 1124; x_wconf 88' lang='lat' dir='ltr'>laudem</span> <span class='ocrx_word' id='word_1_52' title='bbox 1264 1062 1399 1143; x_wconf 86' lang='lat' dir='ltr'>spectat,</span> 
     </span>
     <span class='ocr_line' id='line_1_8' title="bbox 248 1163 1399 1251; baseline -0.001 -20"><span class='ocrx_word' id='word_1_53' title='bbox 248 1167 289 1231; x_wconf 92' lang='lat' dir='ltr'>ad</span> <span class='ocrx_word' id='word_1_54' title='bbox 312 1166 506 1250; x_wconf 75' lang='lat' dir='ltr'>sapientiam</span> <span class='ocrx_word' id='word_1_55' title='bbox 531 1167 658 1230; x_wconf 86' lang='lat' dir='ltr'>civilem</span> <span class='ocrx_word' id='word_1_56' title='bbox 682 1167 795 1230; x_wconf 90' lang='lat' dir='ltr'>altera.</span> <span class='ocrx_word' id='word_1_57' title='bbox 832 1163 907 1230; x_wconf 91' lang='lat' dir='ltr'>Non</span> <span class='ocrx_word' id='word_1_58' title='bbox 930 1166 1035 1251; x_wconf 84' lang='lat' dir='ltr'>magis</span> <span class='ocrx_word' id='word_1_59' title='bbox 1059 1165 1191 1230; x_wconf 88' lang='lat' dir='ltr'>diffiteri</span> <span class='ocrx_word' id='word_1_60' title='bbox 1226 1165 1399 1250; x_wconf 89' lang='lat' dir='ltr'>quisquam</span> 
     </span>
     <span class='ocr_line' id='line_1_9' title="bbox 248 1271 1398 1357; baseline -0.001 -20"><span class='ocrx_word' id='word_1_61' title='bbox 248 1274 357 1357; x_wconf 90' lang='lat' dir='ltr'>potuit</span> <span class='ocrx_word' id='word_1_62' title='bbox 384 1273 446 1337; x_wconf 91' lang='lat' dir='ltr'>duo</span> <span class='ocrx_word' id='word_1_63' title='bbox 475 1295 545 1336; x_wconf 91' lang='lat' dir='ltr'>esse</span> <span class='ocrx_word' id='word_1_64' title='bbox 578 1272 686 1356; x_wconf 89' lang='lat' dir='ltr'>spatia</span> <span class='ocrx_word' id='word_1_65' title='bbox 718 1271 926 1355; x_wconf 83' lang='lat' dir='ltr'>principalia,</span> <span class='ocrx_word' id='word_1_66' title='bbox 959 1271 993 1334; x_wconf 91' lang='lat' dir='ltr'>in</span> <span class='ocrx_word' id='word_1_67' title='bbox 1025 1271 1141 1355; x_wconf 92' lang='lat' dir='ltr'>quibus</span> <span class='ocrx_word' id='word_1_68' title='bbox 1174 1276 1302 1355; x_wconf 89' lang='lat' dir='ltr'>praeter</span> <span class='ocrx_word' id='word_1_69' title='bbox 1329 1294 1398 1336; x_wconf 87' lang='lat' dir='ltr'>rem</span> 
     </span>
     <span class='ocr_line' id='line_1_10' title="bbox 248 1377 1399 1465; baseline -0.002 -22"><span class='ocrx_word' id='word_1_70' title='bbox 248 1380 412 1465; x_wconf 89' lang='lat' dir='ltr'>publicam</span> <span class='ocrx_word' id='word_1_71' title='bbox 435 1379 487 1443; x_wconf 86' lang='lat' dir='ltr'>vel</span> <span class='ocrx_word' id='word_1_72' title='bbox 519 1379 692 1464; x_wconf 84' lang='lat' dir='ltr'>gerendam</span> <span class='ocrx_word' id='word_1_73' title='bbox 723 1378 774 1442; x_wconf 84' lang='lat' dir='ltr'>vel</span> <span class='ocrx_word' id='word_1_74' title='bbox 803 1377 1036 1442; x_wconf 85' lang='lat' dir='ltr'>defendendam</span> <span class='ocrx_word' id='word_1_75' title='bbox 1066 1377 1239 1442; x_wconf 73' lang='lat' dir='ltr'>enitescere</span> <span class='ocrx_word' id='word_1_76' title='bbox 1267 1379 1399 1462; x_wconf 86' lang='lat' dir='ltr'>ingenia</span> 
     </span>
     <span class='ocr_line' id='line_1_11' title="bbox 248 1482 1399 1568; baseline -0.003 -18"><span class='ocrx_word' id='word_1_77' title='bbox 248 1487 389 1550; x_wconf 91' lang='lat' dir='ltr'>humana</span> <span class='ocrx_word' id='word_1_78' title='bbox 420 1489 572 1568; x_wconf 90' lang='lat' dir='ltr'>possent,</span> <span class='ocrx_word' id='word_1_79' title='bbox 604 1506 741 1568; x_wconf 87' lang='lat' dir='ltr'>quorum</span> <span class='ocrx_word' id='word_1_80' title='bbox 770 1482 908 1547; x_wconf 89' lang='lat' dir='ltr'>alterum</span> <span class='ocrx_word' id='word_1_81' title='bbox 940 1483 1073 1566; x_wconf 92' lang='lat' dir='ltr'>litteris,</span> <span class='ocrx_word' id='word_1_82' title='bbox 1106 1484 1230 1548; x_wconf 90' lang='lat' dir='ltr'>artibus</span> <span class='ocrx_word' id='word_1_83' title='bbox 1260 1484 1399 1548; x_wconf 86' lang='lat' dir='ltr'>alterum</span> 
     </span>
     <span class='ocr_line' id='line_1_12' title="bbox 252 1589 1401 1674; baseline -0.002 -18"><span class='ocrx_word' id='word_1_84' title='bbox 252 1591 443 1657; x_wconf 77' lang='lat' dir='ltr'>continetur.</span> <span class='ocrx_word' id='word_1_85' title='bbox 481 1590 605 1654; x_wconf 88' lang='lat' dir='ltr'>Rursus</span> <span class='ocrx_word' id='word_1_86' title='bbox 630 1593 738 1654; x_wconf 89' lang='lat' dir='ltr'>autem</span> <span class='ocrx_word' id='word_1_87' title='bbox 762 1589 794 1652; x_wconf 90' lang='lat' dir='ltr'>in</span> <span class='ocrx_word' id='word_1_88' title='bbox 819 1590 1002 1654; x_wconf 91' lang='lat' dir='ltr'>litterarum</span> <span class='ocrx_word' id='word_1_89' title='bbox 1025 1611 1142 1674; x_wconf 82' lang='lat' dir='ltr'>genere</span> <span class='ocrx_word' id='word_1_90' title='bbox 1167 1591 1247 1654; x_wconf 91' lang='lat' dir='ltr'>satis</span> <span class='ocrx_word' id='word_1_91' title='bbox 1271 1595 1401 1655; x_wconf 88' lang='lat' dir='ltr'>constat</span> 
     </span>
     <span class='ocr_line' id='line_1_13' title="bbox 252 1695 1400 1782; baseline 0 -22"><span class='ocrx_word' id='word_1_92' title='bbox 252 1697 348 1782; x_wconf 80' lang='lat' dir='ltr'>longe</span> <span class='ocrx_word' id='word_1_93' title='bbox 372 1697 472 1761; x_wconf 91' lang='lat' dir='ltr'>etiam</span> <span class='ocrx_word' id='word_1_94' title='bbox 496 1698 632 1761; x_wconf 86' lang='lat' dir='ltr'>certiore</span> <span class='ocrx_word' id='word_1_95' title='bbox 655 1718 753 1780; x_wconf 91' lang='lat' dir='ltr'>quam</span> <span class='ocrx_word' id='word_1_96' title='bbox 776 1695 872 1759; x_wconf 90' lang='lat' dir='ltr'>nobis</span> <span class='ocrx_word' id='word_1_97' title='bbox 896 1695 1080 1759; x_wconf 87' lang='lat' dir='ltr'>discrimine</span> <span class='ocrx_word' id='word_1_98' title='bbox 1099 1695 1262 1759; x_wconf 88' lang='lat' dir='ltr'>veteribus</span> <span class='ocrx_word' id='word_1_99' title='bbox 1286 1700 1400 1780; x_wconf 89' lang='lat' dir='ltr'>poetas</span> 
     </span>
     <span class='ocr_line' id='line_1_14' title="bbox 253 1801 1400 1888; baseline 0 -22"><span class='ocrx_word' id='word_1_100' title='bbox 253 1803 375 1868; x_wconf 87' lang='lat' dir='ltr'>distare</span> <span class='ocrx_word' id='word_1_101' title='bbox 395 1827 414 1868; x_wconf 90' lang='lat' dir='ltr'>a</span> <span class='ocrx_word' id='word_1_102' title='bbox 434 1804 656 1888; x_wconf 88' lang='lat' dir='ltr'>scriptoribus.</span> <span class='ocrx_word' id='word_1_103' title='bbox 694 1801 787 1866; x_wconf 90' lang='lat' dir='ltr'>Vnde</span> <span class='ocrx_word' id='word_1_104' title='bbox 811 1802 1000 1886; x_wconf 86' lang='lat' dir='ltr'>quintuplex</span> <span class='ocrx_word' id='word_1_105' title='bbox 1024 1801 1102 1866; x_wconf 92' lang='lat' dir='ltr'>ordo</span> <span class='ocrx_word' id='word_1_106' title='bbox 1126 1801 1235 1884; x_wconf 91' lang='lat' dir='ltr'>prodit</span> <span class='ocrx_word' id='word_1_107' title='bbox 1259 1803 1400 1886; x_wconf 87' lang='lat' dir='ltr'>quinque</span> 
     </span>
     <span class='ocr_line' id='line_1_15' title="bbox 252 1905 1400 1993; baseline 0 -21"><span class='ocrx_word' id='word_1_108' title='bbox 252 1908 345 1973; x_wconf 90' lang='lat' dir='ltr'>libris</span> <span class='ocrx_word' id='word_1_109' title='bbox 379 1909 591 1974; x_wconf 89' lang='lat' dir='ltr'>Varronianis</span> <span class='ocrx_word' id='word_1_110' title='bbox 624 1907 688 1993; x_wconf 80' lang='lat' dir='ltr'>(vel</span> <span class='ocrx_word' id='word_1_111' title='bbox 723 1909 830 1991; x_wconf 90' lang='lat' dir='ltr'>potius</span> <span class='ocrx_word' id='word_1_112' title='bbox 863 1907 1021 1973; x_wconf 85' lang='lat' dir='ltr'>librorum</span> <span class='ocrx_word' id='word_1_113' title='bbox 1053 1905 1202 1990; x_wconf 74' lang='lat' dir='ltr'>paribus)</span> <span class='ocrx_word' id='word_1_114' title='bbox 1234 1907 1400 1992; x_wconf 84' lang='lat' dir='ltr'>explendis</span> 
     </span>
     <span class='ocr_line' id='line_1_16' title="bbox 252 2003 1400 2098; baseline -0.001 -19"><span class='ocrx_word' id='word_1_115' title='bbox 252 2019 363 2098; x_wconf 91' lang='lat' dir='ltr'>aptus:</span> <span class='ocrx_word' id='word_1_116' title='bbox 385 2015 513 2098; x_wconf 90' lang='lat' dir='ltr'>quando</span> <span class='ocrx_word' id='word_1_117' title='bbox 534 2015 759 2098; x_wconf 89' lang='lat' dir='ltr'>copulatorum</span> <span class='ocrx_word' id='word_1_118' title='bbox 779 2003 851 2078; x_wconf 86' lang='lat' dir='ltr'>cum</span> <span class='ocrx_word' id='word_1_119' title='bbox 870 2015 976 2098; x_wconf 88' lang='lat' dir='ltr'>poetis</span> <span class='ocrx_word' id='word_1_120' title='bbox 996 2015 1191 2098; x_wconf 86' lang='lat' dir='ltr'>scriptorum</span> <span class='ocrx_word' id='word_1_121' title='bbox 1211 2015 1400 2078; x_wconf 87' lang='lat' dir='ltr'>societatem</span> 
     </span>
     <span class='ocr_line' id='line_1_17' title="bbox 253 2119 1401 2204; baseline 0 -20"><span class='ocrx_word' id='word_1_122' title='bbox 253 2120 403 2197; x_wconf 86' lang='lat' dir='ltr'>excedere</span> <span class='ocrx_word' id='word_1_123' title='bbox 426 2120 522 2185; x_wconf 91' lang='lat' dir='ltr'>unius</span> <span class='ocrx_word' id='word_1_124' title='bbox 551 2121 626 2184; x_wconf 92' lang='lat' dir='ltr'>libri</span> <span class='ocrx_word' id='word_1_125' title='bbox 652 2120 811 2184; x_wconf 91' lang='lat' dir='ltr'>ambitum</span> <span class='ocrx_word' id='word_1_126' title='bbox 839 2121 923 2184; x_wconf 89' lang='lat' dir='ltr'>infra</span> <span class='ocrx_word' id='word_1_127' title='bbox 951 2120 1128 2204; x_wconf 90' lang='lat' dir='ltr'>apparebit.</span> <span class='ocrx_word' id='word_1_128' title='bbox 1174 2119 1263 2184; x_wconf 85' lang='lat' dir='ltr'>Haec</span> <span class='ocrx_word' id='word_1_129' title='bbox 1291 2125 1401 2184; x_wconf 87' lang='lat' dir='ltr'>autem</span> 
     </span>
     <span class='ocr_line' id='line_1_18' title="bbox 253 2205 1401 2311; baseline 0.002 -21"><span class='ocrx_word' id='word_1_130' title='bbox 253 2249 334 2311; x_wconf 85' lang='lat' dir='ltr'>quae</span> <span class='ocrx_word' id='word_1_131' title='bbox 362 2227 604 2309; x_wconf 88' lang='lat' dir='ltr'>percensuimus</span> <span class='ocrx_word' id='word_1_132' title='bbox 633 2249 705 2290; x_wconf 90' lang='lat' dir='ltr'>cum</span> <span class='ocrx_word' id='word_1_133' title='bbox 736 2205 849 2310; x_wconf 79' lang='lat' dir='ltr'>suapte</span> <span class='ocrx_word' id='word_1_134' title='bbox 877 2231 993 2290; x_wconf 91' lang='lat' dir='ltr'>natura</span> <span class='ocrx_word' id='word_1_135' title='bbox 1022 2229 1054 2289; x_wconf 90' lang='lat' dir='ltr'>et</span> <span class='ocrx_word' id='word_1_136' title='bbox 1083 2226 1238 2309; x_wconf 84' lang='lat' dir='ltr'>primaria</span> <span class='ocrx_word' id='word_1_137' title='bbox 1267 2227 1333 2291; x_wconf 88' lang='lat' dir='ltr'>sint</span> <span class='ocrx_word' id='word_1_138' title='bbox 1365 2227 1401 2292; x_wconf 91' lang='lat' dir='ltr'>in</span> 
     </span>
     <span class='ocr_line' id='line_1_19' title="bbox 252 2333 1400 2417; baseline 0.002 -21"><span class='ocrx_word' id='word_1_139' title='bbox 252 2333 321 2397; x_wconf 86' lang='lat' dir='ltr'>vita</span> <span class='ocrx_word' id='word_1_140' title='bbox 353 2333 520 2398; x_wconf 91' lang='lat' dir='ltr'>hominum</span> <span class='ocrx_word' id='word_1_141' title='bbox 549 2337 581 2397; x_wconf 90' lang='lat' dir='ltr'>et</span> <span class='ocrx_word' id='word_1_142' title='bbox 610 2333 707 2398; x_wconf 87' lang='lat' dir='ltr'>certis</span> <span class='ocrx_word' id='word_1_143' title='bbox 740 2333 825 2396; x_wconf 90' lang='lat' dir='ltr'>inter</span> <span class='ocrx_word' id='word_1_144' title='bbox 854 2355 887 2396; x_wconf 87' lang='lat' dir='ltr'>se</span> <span class='ocrx_word' id='word_1_145' title='bbox 915 2333 1031 2396; x_wconf 89' lang='lat' dir='ltr'>finibus</span> <span class='ocrx_word' id='word_1_146' title='bbox 1063 2333 1217 2416; x_wconf 90' lang='lat' dir='ltr'>discreta,</span> <span class='ocrx_word' id='word_1_147' title='bbox 1250 2337 1400 2417; x_wconf 87' lang='lat' dir='ltr'>superest</span> 
     </span>
     <span class='ocr_line' id='line_1_20' title="bbox 253 2429 1402 2523; baseline 0.003 -20"><span class='ocrx_word' id='word_1_148' title='bbox 253 2461 330 2504; x_wconf 89' lang='lat' dir='ltr'>sane</span> <span class='ocrx_word' id='word_1_149' title='bbox 363 2429 565 2504; x_wconf 75' lang='lat' dir='ltr'>‘inlustrium</span> <span class='ocrx_word' id='word_1_150' title='bbox 598 2439 730 2522; x_wconf 89' lang='lat' dir='ltr'>aliquo</span> <span class='ocrx_word' id='word_1_151' title='bbox 767 2439 877 2502; x_wconf 90' lang='lat' dir='ltr'>modo</span> <span class='ocrx_word' id='word_1_152' title='bbox 914 2437 1098 2505; x_wconf 89' lang='lat' dir='ltr'>bominum&#39;</span> <span class='ocrx_word' id='word_1_153' title='bbox 1135 2461 1235 2523; x_wconf 89' lang='lat' dir='ltr'>prope</span> <span class='ocrx_word' id='word_1_154' title='bbox 1272 2441 1402 2506; x_wconf 86' lang='lat' dir='ltr'>infinita</span> 
     </span>
     <span class='ocr_line' id='line_1_21' title="bbox 252 2544 1400 2630; baseline 0.003 -22"><span class='ocrx_word' id='word_1_155' title='bbox 252 2546 427 2610; x_wconf 90' lang='lat' dir='ltr'>multitudo</span> <span class='ocrx_word' id='word_1_156' title='bbox 462 2549 494 2609; x_wconf 93' lang='lat' dir='ltr'>et</span> <span class='ocrx_word' id='word_1_157' title='bbox 525 2544 725 2609; x_wconf 86' lang='lat' dir='ltr'>incredibilis</span> <span class='ocrx_word' id='word_1_158' title='bbox 758 2545 912 2622; x_wconf 81' lang='lat' dir='ltr'>varietas,</span> <span class='ocrx_word' id='word_1_159' title='bbox 946 2567 1041 2630; x_wconf 92' lang='lat' dir='ltr'>quam</span> <span class='ocrx_word' id='word_1_160' title='bbox 1075 2547 1238 2611; x_wconf 87' lang='lat' dir='ltr'>communi</span> <span class='ocrx_word' id='word_1_161' title='bbox 1270 2545 1400 2611; x_wconf 81' lang='lat' dir='ltr'>vinculo</span> 
     </span>
     <span class='ocr_line' id='line_1_22' title="bbox 252 2651 1401 2735; baseline 0.002 -21"><span class='ocrx_word' id='word_1_162' title='bbox 252 2651 406 2716; x_wconf 84' lang='lat' dir='ltr'>bifariam</span> <span class='ocrx_word' id='word_1_163' title='bbox 425 2673 581 2716; x_wconf 81' lang='lat' dir='ltr'>conexam</span> <span class='ocrx_word' id='word_1_164' title='bbox 601 2651 726 2716; x_wconf 90' lang='lat' dir='ltr'>duobus</span> <span class='ocrx_word' id='word_1_165' title='bbox 746 2651 906 2735; x_wconf 84' lang='lat' dir='ltr'>capitibus</span> <span class='ocrx_word' id='word_1_166' title='bbox 926 2651 979 2715; x_wconf 85' lang='lat' dir='ltr'>vix</span> <span class='ocrx_word' id='word_1_167' title='bbox 999 2652 1066 2716; x_wconf 93' lang='lat' dir='ltr'>ullo</span> <span class='ocrx_word' id='word_1_168' title='bbox 1087 2652 1222 2716; x_wconf 88' lang='lat' dir='ltr'>artificio</span> <span class='ocrx_word' id='word_1_169' title='bbox 1244 2673 1401 2717; x_wconf 83' lang='lat' dir='ltr'>coerceas.</span> 
     </span>
     <span class='ocr_line' id='line_1_23' title="bbox 253 2756 1401 2842; baseline 0.002 -22"><span class='ocrx_word' id='word_1_170' title='bbox 253 2756 298 2821; x_wconf 75' lang='lat' dir='ltr'>nt</span> <span class='ocrx_word' id='word_1_171' title='bbox 320 2762 357 2821; x_wconf 93' lang='lat' dir='ltr'>ut</span> <span class='ocrx_word' id='word_1_172' title='bbox 380 2781 479 2823; x_wconf 91' lang='lat' dir='ltr'>unum</span> <span class='ocrx_word' id='word_1_173' title='bbox 503 2759 537 2822; x_wconf 92' lang='lat' dir='ltr'>in</span> <span class='ocrx_word' id='word_1_174' title='bbox 560 2761 622 2822; x_wconf 85' lang='lat' dir='ltr'>fine</span> <span class='ocrx_word' id='word_1_175' title='bbox 647 2761 744 2842; x_wconf 88' lang='lat' dir='ltr'>eaput</span> <span class='ocrx_word' id='word_1_176' title='bbox 767 2757 947 2822; x_wconf 88' lang='lat' dir='ltr'>miscellam</span> <span class='ocrx_word' id='word_1_177' title='bbox 971 2757 1080 2822; x_wconf 91' lang='lat' dir='ltr'>dedita</span> <span class='ocrx_word' id='word_1_178' title='bbox 1103 2779 1202 2841; x_wconf 89' lang='lat' dir='ltr'>opera</span> <span class='ocrx_word' id='word_1_179' title='bbox 1225 2757 1401 2822; x_wconf 86' lang='lat' dir='ltr'>subiecisse</span> 
     </span>
     <span class='ocr_line' id='line_1_24' title="bbox 252 2862 1401 2949; baseline 0 -22"><span class='ocrx_word' id='word_1_180' title='bbox 252 2862 436 2930; x_wconf 88' lang='lat' dir='ltr'>Varronem</span> <span class='ocrx_word' id='word_1_181' title='bbox 461 2867 540 2929; x_wconf 76' lang='lat' dir='ltr'>satia</span> <span class='ocrx_word' id='word_1_182' title='bbox 565 2887 623 2948; x_wconf 89' lang='lat' dir='ltr'>per</span> <span class='ocrx_word' id='word_1_183' title='bbox 646 2888 679 2929; x_wconf 89' lang='lat' dir='ltr'>se</span> <span class='ocrx_word' id='word_1_184' title='bbox 703 2865 854 2929; x_wconf 90' lang='lat' dir='ltr'>credibile</span> <span class='ocrx_word' id='word_1_185' title='bbox 875 2865 926 2947; x_wconf 90' lang='lat' dir='ltr'>sit,</span> <span class='ocrx_word' id='word_1_186' title='bbox 949 2867 984 2928; x_wconf 91' lang='lat' dir='ltr'>at</span> <span class='ocrx_word' id='word_1_187' title='bbox 1007 2865 1087 2948; x_wconf 87' lang='lat' dir='ltr'>dyas</span> <span class='ocrx_word' id='word_1_188' title='bbox 1111 2864 1257 2949; x_wconf 88' lang='lat' dir='ltr'>profecto</span> <span class='ocrx_word' id='word_1_189' title='bbox 1277 2865 1401 2929; x_wconf 87' lang='lat' dir='ltr'>miscel-</span> 
     </span>
     <span class='ocr_line' id='line_1_25' title="bbox 254 2969 1402 3055; baseline 0.001 -22"><span class='ocrx_word' id='word_1_190' title='bbox 254 2969 361 3034; x_wconf 91' lang='lat' dir='ltr'>lorum</span> <span class='ocrx_word' id='word_1_191' title='bbox 386 2971 529 3054; x_wconf 86' lang='lat' dir='ltr'>capitum</span> <span class='ocrx_word' id='word_1_192' title='bbox 553 2972 594 3036; x_wconf 91' lang='lat' dir='ltr'>ab</span> <span class='ocrx_word' id='word_1_193' title='bbox 615 2971 695 3036; x_wconf 88' lang='lat' dir='ltr'>artis</span> <span class='ocrx_word' id='word_1_194' title='bbox 714 2971 846 3036; x_wconf 89' lang='lat' dir='ltr'>notione</span> <span class='ocrx_word' id='word_1_195' title='bbox 865 2971 983 3035; x_wconf 90' lang='lat' dir='ltr'>mirum</span> <span class='ocrx_word' id='word_1_196' title='bbox 1007 2974 1165 3055; x_wconf 87' lang='lat' dir='ltr'>qnantum</span> <span class='ocrx_word' id='word_1_197' title='bbox 1190 2970 1402 3035; x_wconf 82' lang='lat' dir='ltr'>abhorruerit</span> 
     </span>
     <span class='ocr_line' id='line_1_26' title="bbox 253 3075 1401 3161; baseline 0.002 -21"><span class='ocrx_word' id='word_1_198' title='bbox 253 3075 367 3160; x_wconf 89' lang='lat' dir='ltr'>Itaque</span> <span class='ocrx_word' id='word_1_199' title='bbox 399 3099 458 3141; x_wconf 87' lang='lat' dir='ltr'>nos</span> <span class='ocrx_word' id='word_1_200' title='bbox 491 3078 760 3161; x_wconf 88' lang='lat' dir='ltr'>quemadmodum</span> <span class='ocrx_word' id='word_1_201' title='bbox 789 3077 873 3141; x_wconf 91' lang='lat' dir='ltr'>ratio</span> <span class='ocrx_word' id='word_1_202' title='bbox 905 3077 978 3159; x_wconf 91' lang='lat' dir='ltr'>ipsa</span> <span class='ocrx_word' id='word_1_203' title='bbox 1009 3077 1165 3161; x_wconf 87' lang='lat' dir='ltr'>impellit,</span> <span class='ocrx_word' id='word_1_204' title='bbox 1197 3081 1235 3142; x_wconf 90' lang='lat' dir='ltr'>ut</span> <span class='ocrx_word' id='word_1_205' title='bbox 1266 3079 1302 3142; x_wconf 91' lang='lat' dir='ltr'>in</span> <span class='ocrx_word' id='word_1_206' title='bbox 1335 3079 1401 3142; x_wconf 89' lang='lat' dir='ltr'>ista</span> 
     </span>
     <span class='ocr_line' id='line_1_27' title="bbox 252 3183 1403 3268; baseline 0.003 -22"><span class='ocrx_word' id='word_1_207' title='bbox 252 3205 361 3247; x_wconf 91' lang='lat' dir='ltr'>rerum</span> <span class='ocrx_word' id='word_1_208' title='bbox 386 3184 479 3266; x_wconf 88' lang='lat' dir='ltr'>eopia</span> <span class='ocrx_word' id='word_1_209' title='bbox 503 3206 541 3248; x_wconf 88' lang='lat' dir='ltr'>ac</span> <span class='ocrx_word' id='word_1_210' title='bbox 560 3185 718 3248; x_wconf 84' lang='lat' dir='ltr'>varietate</span> <span class='ocrx_word' id='word_1_211' title='bbox 743 3184 850 3248; x_wconf 85' lang='lat' dir='ltr'>locum</span> <span class='ocrx_word' id='word_1_212' title='bbox 874 3183 1015 3268; x_wconf 87' lang='lat' dir='ltr'>aliquem</span> <span class='ocrx_word' id='word_1_213' title='bbox 1040 3205 1243 3249; x_wconf 86' lang='lat' dir='ltr'>communem</span> <span class='ocrx_word' id='word_1_214' title='bbox 1268 3186 1403 3250; x_wconf 88' lang='lat' dir='ltr'>circum-</span> 
     </span>
     <span class='ocr_line' id='line_1_28' title="bbox 250 3289 1403 3374; baseline 0.003 -22"><span class='ocrx_word' id='word_1_215' title='bbox 250 3289 436 3372; x_wconf 86' lang='lat' dir='ltr'>spiciamus,</span> <span class='ocrx_word' id='word_1_216' title='bbox 469 3311 532 3372; x_wconf 90' lang='lat' dir='ltr'>quo</span> <span class='ocrx_word' id='word_1_217' title='bbox 563 3290 693 3354; x_wconf 87' lang='lat' dir='ltr'>illarum</span> <span class='ocrx_word' id='word_1_218' title='bbox 721 3293 849 3374; x_wconf 89' lang='lat' dir='ltr'>partem</span> <span class='ocrx_word' id='word_1_219' title='bbox 878 3289 1020 3374; x_wconf 90' lang='lat' dir='ltr'>aliquam</span> <span class='ocrx_word' id='word_1_220' title='bbox 1052 3291 1320 3374; x_wconf 80' lang='lat' dir='ltr'>complectamur,</span> <span class='ocrx_word' id='word_1_221' title='bbox 1352 3293 1403 3356; x_wconf 89' lang='lat' dir='ltr'>ita</span> 
     </span>
     <span class='ocr_line' id='line_1_29' title="bbox 248 3394 1398 3463; baseline 0.006 -7"><span class='ocrx_word' id='word_1_222' title='bbox 248 3394 333 3457; x_wconf 90' lang='lat' dir='ltr'>idem</span> <span class='ocrx_word' id='word_1_223' title='bbox 361 3395 523 3460; x_wconf 87' lang='lat' dir='ltr'>studuisse</span> <span class='ocrx_word' id='word_1_224' title='bbox 545 3395 726 3462; x_wconf 84' lang='lat' dir='ltr'>Varronem</span> <span class='ocrx_word' id='word_1_225' title='bbox 754 3400 1005 3462; x_wconf 82' lang='lat' dir='ltr'>consentaneum</span> <span class='ocrx_word' id='word_1_226' title='bbox 1033 3400 1091 3461; x_wconf 90' lang='lat' dir='ltr'>est.</span> <span class='ocrx_word' id='word_1_227' title='bbox 1128 3395 1198 3462; x_wconf 85' lang='lat' dir='ltr'>Nec</span> <span class='ocrx_word' id='word_1_228' title='bbox 1221 3419 1299 3462; x_wconf 90' lang='lat' dir='ltr'>sane</span> <span class='ocrx_word' id='word_1_229' title='bbox 1324 3402 1398 3463; x_wconf 88' lang='lat' dir='ltr'>erat</span> 
     </span>
     <span class='ocr_line' id='line_1_30' title="bbox 249 3503 1399 3589; baseline 0.005 -26"><span class='ocrx_word' id='word_1_230' title='bbox 249 3522 316 3578; x_wconf 86' lang='lat' dir='ltr'>cnr,</span> <span class='ocrx_word' id='word_1_231' title='bbox 340 3523 403 3584; x_wconf 93' lang='lat' dir='ltr'>quo</span> <span class='ocrx_word' id='word_1_232' title='bbox 428 3525 508 3585; x_wconf 90' lang='lat' dir='ltr'>opus</span> <span class='ocrx_word' id='word_1_233' title='bbox 531 3503 685 3588; x_wconf 89' lang='lat' dir='ltr'>habebat,</span> <span class='ocrx_word' id='word_1_234' title='bbox 713 3504 766 3570; x_wconf 87' lang='lat' dir='ltr'>vel</span> <span class='ocrx_word' id='word_1_235' title='bbox 790 3504 845 3568; x_wconf 92' lang='lat' dir='ltr'>diu</span> <span class='ocrx_word' id='word_1_236' title='bbox 870 3508 1039 3588; x_wconf 89' lang='lat' dir='ltr'>quaereret</span> <span class='ocrx_word' id='word_1_237' title='bbox 1062 3505 1112 3568; x_wconf 87' lang='lat' dir='ltr'>vel</span> <span class='ocrx_word' id='word_1_238' title='bbox 1135 3505 1266 3589; x_wconf 86' lang='lat' dir='ltr'>longius</span> <span class='ocrx_word' id='word_1_239' title='bbox 1292 3527 1399 3570; x_wconf 90' lang='lat' dir='ltr'>arces·</span> 
     </span>
     <span class='ocr_line' id='line_1_31' title="bbox 249 3607 1399 3695; baseline 0.006 -25"><span class='ocrx_word' id='word_1_240' title='bbox 249 3611 347 3671; x_wconf 90' lang='lat' dir='ltr'>seret:</span> <span class='ocrx_word' id='word_1_241' title='bbox 380 3607 499 3692; x_wconf 90' lang='lat' dir='ltr'>quippe</span> <span class='ocrx_word' id='word_1_242' title='bbox 528 3609 579 3674; x_wconf 88' lang='lat' dir='ltr'>cui</span> <span class='ocrx_word' id='word_1_243' title='bbox 606 3613 674 3674; x_wconf 89' lang='lat' dir='ltr'>tam</span> <span class='ocrx_word' id='word_1_244' title='bbox 706 3610 738 3674; x_wconf 91' lang='lat' dir='ltr'>id</span> <span class='ocrx_word' id='word_1_245' title='bbox 766 3611 801 3674; x_wconf 92' lang='lat' dir='ltr'>in</span> <span class='ocrx_word' id='word_1_246' title='bbox 829 3615 982 3694; x_wconf 88' lang='lat' dir='ltr'>promptu</span> <span class='ocrx_word' id='word_1_247' title='bbox 1010 3614 1108 3692; x_wconf 90' lang='lat' dir='ltr'>esset,</span> <span class='ocrx_word' id='word_1_248' title='bbox 1140 3615 1177 3674; x_wconf 90' lang='lat' dir='ltr'>ut</span> <span class='ocrx_word' id='word_1_249' title='bbox 1207 3631 1248 3674; x_wconf 89' lang='lat' dir='ltr'>nc</span> <span class='ocrx_word' id='word_1_250' title='bbox 1282 3615 1399 3695; x_wconf 89' lang='lat' dir='ltr'>posset</span> 
     </span>
     <span class='ocr_line' id='line_1_32' title="bbox 250 3713 1441 3802; baseline 0.003 -25"><span class='ocrx_word' id='word_1_251' title='bbox 250 3713 378 3797; x_wconf 88' lang='lat' dir='ltr'>quidam</span> <span class='ocrx_word' id='word_1_252' title='bbox 401 3715 586 3798; x_wconf 90' lang='lat' dir='ltr'>praeterire.</span> <span class='ocrx_word' id='word_1_253' title='bbox 620 3716 711 3791; x_wconf 83' lang='lat' dir='ltr'>Quod</span> <span class='ocrx_word' id='word_1_254' title='bbox 731 3721 767 3781; x_wconf 92' lang='lat' dir='ltr'>ut</span> <span class='ocrx_word' id='word_1_255' title='bbox 790 3717 886 3801; x_wconf 88' lang='lat' dir='ltr'>quale</span> <span class='ocrx_word' id='word_1_256' title='bbox 910 3717 953 3780; x_wconf 89' lang='lat' dir='ltr'>ait</span> <span class='ocrx_word' id='word_1_257' title='bbox 976 3715 1160 3780; x_wconf 87' lang='lat' dir='ltr'>distinctius</span> <span class='ocrx_word' id='word_1_258' title='bbox 1190 3717 1403 3802; x_wconf 89' lang='lat' dir='ltr'>percipiatur,</span> <span class='ocrx_word' id='word_1_259' title='bbox 1436 3765 1441 3774; x_wconf 83' lang='lat'>.</span> 
     </span>
     <span class='ocr_line' id='line_1_33' title="bbox 248 3821 1403 3906; baseline 0.003 -22"><span class='ocrx_word' id='word_1_260' title='bbox 248 3821 479 3886; x_wconf 85' lang='lat' dir='ltr'>recordandum</span> <span class='ocrx_word' id='word_1_261' title='bbox 503 3826 554 3886; x_wconf 89' lang='lat' dir='ltr'>est</span> <span class='ocrx_word' id='word_1_262' title='bbox 580 3825 613 3884; x_wconf 86' lang='lat' dir='ltr'>et</span> <span class='ocrx_word' id='word_1_263' title='bbox 640 3823 799 3888; x_wconf 73' lang='lat' dir='ltr'>‘litteras&#39;</span> <span class='ocrx_word' id='word_1_264' title='bbox 824 3827 857 3886; x_wconf 90' lang='lat' dir='ltr'>et</span> <span class='ocrx_word' id='word_1_265' title='bbox 880 3821 1002 3886; x_wconf 85' lang='lat' dir='ltr'>‘artes&#39;</span> <span class='ocrx_word' id='word_1_266' title='bbox 1034 3826 1067 3885; x_wconf 91' lang='lat' dir='ltr'>et</span> <span class='ocrx_word' id='word_1_267' title='bbox 1092 3821 1302 3906; x_wconf 70' lang='lat' dir='ltr'>‘scriptores&#39;</span> <span class='ocrx_word' id='word_1_268' title='bbox 1330 3845 1403 3887; x_wconf 89' lang='lat' dir='ltr'>cum</span> 
     </span>
     <span class='ocr_line' id='line_1_34' title="bbox 249 3927 1400 4012; baseline 0.003 -23"><span class='ocrx_word' id='word_1_269' title='bbox 249 3929 373 3990; x_wconf 84' lang='lat' dir='ltr'>veteres</span> <span class='ocrx_word' id='word_1_270' title='bbox 396 3927 544 4012; x_wconf 83' lang='lat' dir='ltr'>dixerint,</span> <span class='ocrx_word' id='word_1_271' title='bbox 567 3951 605 3992; x_wconf 90' lang='lat' dir='ltr'>ea</span> <span class='ocrx_word' id='word_1_272' title='bbox 628 3929 786 3994; x_wconf 85' lang='lat' dir='ltr'>voeabula</span> <span class='ocrx_word' id='word_1_273' title='bbox 809 3927 920 3993; x_wconf 89' lang='lat' dir='ltr'>omnia</span> <span class='ocrx_word' id='word_1_274' title='bbox 938 3927 988 3992; x_wconf 84' lang='lat' dir='ltr'>vel</span> <span class='ocrx_word' id='word_1_275' title='bbox 1012 3929 1111 3992; x_wconf 87' lang='lat' dir='ltr'>latius</span> <span class='ocrx_word' id='word_1_276' title='bbox 1135 3931 1304 4010; x_wconf 88' lang='lat' dir='ltr'>patentem</span> <span class='ocrx_word' id='word_1_277' title='bbox 1332 3928 1400 3994; x_wconf 86' lang='lat' dir='ltr'>vim</span> 
     </span>
     <span class='ocr_line' id='line_1_35' title="bbox 249 4033 1403 4121; baseline 0.002 -25"><span class='ocrx_word' id='word_1_278' title='bbox 249 4033 368 4097; x_wconf 91' lang='lat' dir='ltr'>habere</span> <span class='ocrx_word' id='word_1_279' title='bbox 413 4035 464 4098; x_wconf 86' lang='lat' dir='ltr'>vel</span> <span class='ocrx_word' id='word_1_280' title='bbox 511 4035 752 4121; x_wconf 81' lang='lat' dir='ltr'>angustioribus</span> <span class='ocrx_word' id='word_1_281' title='bbox 799 4034 918 4098; x_wconf 90' lang='lat' dir='ltr'>finibus</span> <span class='ocrx_word' id='word_1_282' title='bbox 965 4033 1251 4118; x_wconf 88' lang='lat' dir='ltr'>circumscriptam.</span> <span class='ocrx_word' id='word_1_283' title='bbox 1301 4033 1403 4099; x_wconf 90' lang='lat' dir='ltr'>Velut</span> 
     </span>
     <span class='ocr_line' id='line_1_36' title="bbox 250 4138 1400 4224; baseline 0.003 -23"><span class='ocrx_word' id='word_1_284' title='bbox 250 4138 423 4222; x_wconf 88' lang='lat' dir='ltr'>scriptores</span> <span class='ocrx_word' id='word_1_285' title='bbox 460 4141 522 4205; x_wconf 90' lang='lat' dir='ltr'>etsi</span> <span class='ocrx_word' id='word_1_286' title='bbox 559 4144 634 4204; x_wconf 90' lang='lat' dir='ltr'>sunt</span> <span class='ocrx_word' id='word_1_287' title='bbox 670 4163 747 4204; x_wconf 90' lang='lat' dir='ltr'>sane</span> <span class='ocrx_word' id='word_1_288' title='bbox 789 4140 979 4224; x_wconf 87' lang='lat' dir='ltr'>quicumque</span> <span class='ocrx_word' id='word_1_289' title='bbox 1021 4140 1144 4224; x_wconf 91' lang='lat' dir='ltr'>aliquid</span> <span class='ocrx_word' id='word_1_290' title='bbox 1181 4141 1400 4224; x_wconf 88' lang='lat' dir='ltr'>scripserunt,</span> 
     </span>
     <span class='ocr_line' id='line_1_37' title="bbox 123 4245 1401 4330; baseline 0.002 -21"><span class='ocrx_word' id='word_1_291' title='bbox 123 4253 130 4282; x_wconf 86' lang='lat'><em>&#39;</em></span> <span class='ocrx_word' id='word_1_292' title='bbox 248 4249 358 4310; x_wconf 89' lang='lat' dir='ltr'>tamen</span> <span class='ocrx_word' id='word_1_293' title='bbox 381 4246 485 4329; x_wconf 86' lang='lat' dir='ltr'>poetis</span> <span class='ocrx_word' id='word_1_294' title='bbox 509 4246 565 4311; x_wconf 92' lang='lat' dir='ltr'>ubi</span> <span class='ocrx_word' id='word_1_295' title='bbox 584 4247 662 4311; x_wconf 90' lang='lat' dir='ltr'>clari</span> <span class='ocrx_word' id='word_1_296' title='bbox 687 4245 998 4328; x_wconf 74' lang='lat' dir='ltr'>litteris&#39;seriptores</span> <span class='ocrx_word' id='word_1_297' title='bbox 1018 4249 1236 4330; x_wconf 90' lang='lat' dir='ltr'>opponuntur,</span> <span class='ocrx_word' id='word_1_298' title='bbox 1259 4251 1401 4330; x_wconf 74' lang='lat' dir='ltr'>praeter</span> 
     </span>
     <span class='ocr_line' id='line_1_38' title="bbox 250 4351 1402 4437; baseline 0.002 -23"><span class='ocrx_word' id='word_1_299' title='bbox 250 4354 373 4415; x_wconf 88' lang='lat' dir='ltr'>eeteros</span> <span class='ocrx_word' id='word_1_300' title='bbox 397 4357 527 4416; x_wconf 88' lang='lat' dir='ltr'>constat</span> <span class='ocrx_word' id='word_1_301' title='bbox 550 4352 588 4416; x_wconf 91' lang='lat' dir='ltr'>de</span> <span class='ocrx_word' id='word_1_302' title='bbox 612 4353 805 4434; x_wconf 89' lang='lat' dir='ltr'>oratoribus,</span> <span class='ocrx_word' id='word_1_303' title='bbox 829 4351 1004 4434; x_wconf 89' lang='lat' dir='ltr'>historicis,</span> <span class='ocrx_word' id='word_1_304' title='bbox 1030 4351 1234 4435; x_wconf 91' lang='lat' dir='ltr'>philosophis</span> <span class='ocrx_word' id='word_1_305' title='bbox 1262 4353 1402 4437; x_wconf 81' lang='lat' dir='ltr'>cogitari</span> 
     </span>
     <span class='ocr_line' id='line_1_39' title="bbox 251 4455 1402 4542; baseline 0.004 -21"><span class='ocrx_word' id='word_1_306' title='bbox 251 4455 383 4521; x_wconf 90' lang='lat' dir='ltr'>solitum</span> <span class='ocrx_word' id='word_1_307' title='bbox 415 4478 495 4523; x_wconf 86' lang='lat' dir='ltr'>esse.</span> <span class='ocrx_word' id='word_1_308' title='bbox 540 4457 623 4522; x_wconf 90' lang='lat' dir='ltr'>Item</span> <span class='ocrx_word' id='word_1_309' title='bbox 655 4458 693 4522; x_wconf 89' lang='lat' dir='ltr'>de</span> <span class='ocrx_word' id='word_1_310' title='bbox 726 4455 907 4542; x_wconf 88' lang='lat' dir='ltr'>statuariis,</span> <span class='ocrx_word' id='word_1_311' title='bbox 945 4456 1179 4542; x_wconf 84' lang='lat' dir='ltr'>sculptoribus,</span> <span class='ocrx_word' id='word_1_312' title='bbox 1219 4458 1402 4542; x_wconf 86' lang='lat' dir='ltr'>pictoribus</span> 
     </span>
    </p>
   </div>
   <div class='ocr_carea' id='block_1_3' title="bbox 0 0 1648 5100">
    <p class='ocr_par' dir='ltr' id='par_1_3' title="bbox 0 0 1648 5100">
     <span class='ocr_line' id='line_1_40' title="bbox 0 0 1648 5100; baseline 0 0"><span class='ocrx_word' id='word_1_313' title='bbox 0 0 1648 5100; x_wconf 95' lang='lat' dir='ltr'> </span> 
     </span>
    </p>
   </div>
  </div>
 </body>
</html>
