3274 5114
277 364 345 431 250
666 385 702 431 ru
726 385 838 432 vireu
862 385 1031 434 rannuru

276 547 371 610 usqae
399 529 474 593 adeo
503 528 686 612 insequenti
716 527 765 592 vel
797 533 833 594 ut
858 527 959 613 (quod
987 548 1088 614 genus
1121 530 1155 594 in
1178 529 1301 594 deliciis
1323 529 1424 594 habet

276 631 465 720 Suetonius)
496 634 547 699 rel
577 635 669 698 (tenea
696 631 782 718 (Tib.
810 633 867 718 63)
897 635 949 698 vel
978 636 1081 717 quoad
1108 632 1163 721 (de
1191 655 1328 720 gramm.
1355 635 1424 721 22),

276 762 388 806 rursus
419 743 527 807 autem
558 762 596 805 ee
625 741 846 826 segregaveris
876 741 911 806 in
942 739 1058 825 quibus
1090 741 1227 825 simplex
1254 743 1329 806 adeo
1355 741 1422 806 fere

278 851 397 931 aequat
422 848 477 912 ita
498 845 692 930 perticulam
722 844 799 932 (nou
821 848 895 912 adeo
918 849 1061 914 melodiit
1083 847 1167 933 Aug.
1190 850 1247 933 88,
1273 869 1327 914 nec
1348 849 1423 914 adeo
1467 901 1473 912 .

273 953 385 1037 praesb
408 951 501 1016 Galb.
525 952 558 1035 7,
585 973 639 1017 uec
666 951 741 1018 adeo
763 953 855 1018 multi
878 951 953 1018 Oth.
977 952 1025 1040 5):
1057 955 1199 1040 ligandis
1223 955 1353 1040 quidem
1376 955 1423 1018 in·

277 1059 378 1145 tegris
401 1059 576 1124 enuntiatis
599 1059 673 1124 adeo
696 1081 856 1144 nusquam
879 1060 1014 1125 inservit
1035 1061 1099 1126 nisi
1122 1061 1297 1127 secundum
1309 1062 1422 1127 locum

277 1159 400 1251 tenens,
423 1169 460 1230 ut
482 1165 539 1230 Iul.
567 1167 607 1230 14
630 1166 862 1248 obtirruissctquc
884 1167 958 1232 adeo
983 1204 1038 1250 -,
1069 1165 1181 1233 Claud
1203 1169 1247 1233 25
1271 1173 1423 1251 totumque

277 1271 351 1337 adro
374 1309 431 1356 -,
460 1271 503 1338 ib.
527 1272 568 1337 37
593 1272 683 1338 arella
705 1273 779 1338 adeo
801 1274 930 1355 scupilio
956 1309 1010 1356 -,
1038 1272 1114 1339 Ner.
1138 1273 1181 1339 35
1203 1274 1326 1340 nudum
1347 1276 1422 1340 adca

278 1416 335 1464 —,
368 1379 461 1445 Galb.
488 1379 529 1444 14
556 1380 673 1444 maiore
700 1380 775 1469 adeo
798 1415 853 1463 -,
887 1401 1024 1463 quorum
1055 1381 1201 1464 exemplo
1223 1382 1326 1463 :psam
1348 1383 1422 1447 odeo

278 1485 329 1551 vel
357 1488 514 1570 ipsarumque
540 1488 615 1552 adeo
642 1485 811 1552 dicendum
840 1486 958 1552 fuerat:
987 1491 1101 1552 contra
1124 1487 1158 1552 in
1180 1487 1341 1571 principio
1365 1511 1420 1571 po·

277 1592 359 1657 sitae
392 1583 515 1676 ideoque
547 1593 724 1678 particulae
754 1593 934 1658 orationem
962 1597 1095 1658 nectunt
1122 1594 1327 1677 saepissime:
1362 1593 1422 1659 Iul.

275 1699 329 1764 45.
352 1701 403 1766 86.
426 1698 511 1786 Aug.
534 1700 586 1764 91.
610 1698 682 1764 Tib.
705 1700 757 1764 67.
781 1697 848 1764 Cal.
872 1699 924 1764 50.
948 1698 1023 1764 Ner.
1042 1699 1093 1766 29.
1113 1701 1165 1765 55.
1189 1699 1256 1765 Vit.
1274 1701 1304 1765 4.
1323 1699 1421 1784 Vesp.

275 1805 306 1870 5.
326 1807 355 1890 7,
378 1828 441 1891 quo
465 1807 565 1873 etiam
587 1826 641 1871 uec
664 1807 729 1871 idm
751 1806 894 1889 pertinet
911 1805 994 1892 Aug.
1013 1806 1066 1885 54,
1090 1807 1160 1873 sola
1177 1809 1243 1873 clleo
1261 1807 1423 1892 particula

276 1933 317 1976 ne
342 1935 407 1978 uno
431 1914 560 1998 quidem
583 1913 739 1996 exemplo.

363 2017 440 2102 Peg.
450 2020 508 2095 211,
520 2020 539 2085 2
553 2019 739 2103 uicesimum,
760 2018 845 2103 quod
860 2020 1003 2085 servavit
1016 2025 1109 2086 vetus
1123 2020 1300 2104 Parisinus,
1313 2021 1422 2086 firmat

276 2124 534 2211 Dresdensisfll,
556 2125 736 2192 rectissime
759 2128 885 2190 tutatus
909 2131 960 2192 est
982 2125 1122 2192 Rothius
1145 2149 1175 2210 p.
1198 2127 1259 2192 183
1275 2149 1331 2214 sq,
1354 2150 1420 2194 non

223 2255 264 2297 arr
277 2231 334 2296 ille
357 2254 429 2298 eum
452 2233 562 2320 aliqua
584 2231 779 2298 confidentia
801 2231 998 2297 contendens
1021 2214 1134 2298 reiera
1156 2237 1225 2298 tam
1244 2233 1334 2300 brevi
1353 2235 1421 2299 vita

274 2337 376 2405 fuisse
407 2343 538 2425 tamque
570 2343 697 2404 mature
730 2337 771 2403 ad
804 2337 1009 2404 scribendum
1041 2361 1076 2405 se
1106 2339 1335 2426 applicuisse,
1366 2343 1421 2406 sed

275 2447 435 2530 duplicem
465 2447 612 2512 extitisse
643 2444 728 2530 apud
757 2446 847 2530 ipsos
877 2451 1003 2512 veteres
1031 2446 1221 2512 memoriam
1249 2447 1420 2527 disserens,

275 2575 412 2637 quarum
434 2553 468 2617 in
491 2553 627 2618 alteram
651 2553 707 2619 ille
728 2574 882 2619 numerus
906 2553 1051 2637 apprime
1075 2552 1257 2638 quadraret.
1297 2553 1421 2640 Inque

153 2657 164 2678 ⁹
277 2659 495 2745 disputatione
523 2679 595 2725 cum
622 2681 682 2725 nec
704 2660 840 2744 probem
863 2660 972 2725 omnia
995 2663 1028 2724 et
1050 2660 1208 2744 quaedam
1232 2659 1419 2741 desiderem,

275 2767 388 2852 paucis
419 2766 496 2853 quid
526 2765 606 2831 mihi
635 2765 785 2832 videatur
811 2766 1016 2851 complectar.
1061 2764 1136 2832 Vna
1163 2769 1273 2832 autem
1301 2767 1364 2832 fuit
1386 2771 1420 2832 et

275 2895 408 2958 prorsus
436 2873 644 2938 consentiens
671 2894 734 2938 vox
763 2871 984 2956 antiquitatis,
1009 2870 1215 2954 familiariter
1242 2896 1336 2938 usum
1363 2874 1421 2940 Te-

276 2980 415 3045 rentium
439 2979 551 3044 Laelio
574 2983 607 3045 et
631 2977 796 3064 Scipione:
826 3001 927 3063 prope
951 2978 1155 3044 consentiens
1180 2981 1350 3065 memoria,
1377 2981 1419 3045 ab

276 3085 396 3151 eisdem
420 3085 566 3150 adiutum
588 3085 624 3150 in
647 3085 830 3151 scribendo:
861 3084 1028 3151 obscurior
1050 3084 1148 3170 fama,
1171 3085 1326 3171 ‘corporis
1350 3107 1420 3172 gra·
1484 3113 1494 3130 ·

275 3192 323 3256 tia
342 3191 388 3257 eis
407 3191 627 3258 conciliatum’
642 3192 752 3258 fuisse.
788 3189 861 3257 Hoc
879 3191 1030 3257 ultimum
1049 3191 1232 3258 testabatur
1250 3193 1301 3258 vel
1322 3193 1420 3278 signi·

275 3299 394 3364 ficabat
424 3299 541 3365 saltem
563 3299 709 3366 Porcius:
742 3298 886 3384 negabat
907 3293 1104 3383 Fenestella,
1133 3299 1195 3365 hoe
1222 3322 1300 3365 usus
1328 3319 1420 3385 argu-

276 3409 386 3472 mento
416 3406 502 3491 quod
530 3407 666 3491 utroque
697 3405 801 3470 maior
830 3409 911 3471 natu
940 3404 1065 3471 fuisset.
1109 3403 1147 3470 ln
1177 3405 1240 3471 hoc
1270 3405 1420 3491 quicum

276 3512 459 3578 Fenestella
482 3512 629 3599 senserit,
651 3513 802 3579 novimus
825 3512 1000 3579 nemiuem:
1024 3517 1131 3580 aetate
1150 3513 1301 3599 aequales
1319 3512 1421 3576 fuisse

276 3623 364 3686 certo
398 3619 585 3686 testimonio
617 3619 775 3704 prodebat
804 3617 931 3704 Nepos,
963 3642 1028 3686 non
1059 3625 1160 3705 negat
1192 3621 1261 3704 ipse
1291 3618 1420 3683 Laelius

275 3727 363 3811 apud
390 3725 578 3794 Ciceronem
601 3725 688 3792 Lael.
712 3749 738 3791 c.
761 3726 819 3810 24,
847 3727 889 3792 89
921 3725 1131 3792 ‘familiarem
1162 3724 1273 3792 suum'
1304 3725 1423 3810 dicens,

275 3855 341 3899 non
369 3838 491 3919 negant
521 3833 715 3918 quicumque
745 3831 877 3898 illorum
909 3855 1007 3918 opera
1034 3833 1068 3898 in
1096 3832 1273 3898 scribendis
1300 3831 1422 3896 fabulis

275 3961 369 4007 usum
397 3943 529 4024 poetam
556 3937 729 4004 tradidere:
760 3939 794 4002 in
823 3959 887 4023 qua
914 3959 1028 4004 caussa
1056 3959 1155 4004 unum
1179 3937 1363 4023 Scipionem
1386 3935 1422 4003 (l.

276 4045 447 4112 Memmius
475 4066 506 4129 p.
529 4045 603 4130 209,
628 4045 679 4129 10,
707 4045 943 4122 Quinctilienus
967 4063 1000 4124 x,
1025 4047 1052 4129 1,
1076 4046 1118 4110 99
1142 4050 1175 4111 et
1198 4045 1366 4131 Vagellius
1388 4045 1423 4109 in

276 4153 422 4220 auctario
445 4149 568 4217 Donati
590 4173 621 4235 p.
644 4151 710 4216 214
732 4157 929 4236 memorant,
951 4149 1098 4218 Lesbum
1121 4153 1227 4219 solum
1250 4150 1363 4216 Cicero
1387 4151 1422 4215 in

277 4260 418 4344 epistula
441 4257 482 4323 ad
500 4257 646 4323 Atticum
664 4257 770 4342 v11,3,
787 4257 828 4322 10
851 4262 885 4323 et
902 4257 1013 4344 Nepos
1032 4281 1063 4344 p.
1081 4259 1157 4344 209,
1178 4259 1228 4344 13,
1250 4263 1422 4341 utrumque

277 4388 352 4430 suos
382 4369 532 4431 auctores
564 4367 693 4430 secutus
717 4361 900 4432 Suetonius.
945 4363 1015 4432 Nec
1038 4365 1105 4432 ullo
1131 4365 1227 4431 modo
1252 4363 1370 4430 Santra
1392 4385 1423 4448 p.

279 4472 396 4556 210,8
419 4475 533 4557 negat,
556 4491 668 4538 verum
691 4467 780 4540 aliud
803 4475 916 4558 negat,
938 4471 1009 4558 boc,
1033 4495 1052 4538 a
1075 4469 1223 4558 Scipione
1247 4471 1422 4556 Laelioque
