3302 5106
582 415 858 464 mscrenmsavu
882 415 1006 464 ninam
1299 399 1364 463 369

219 579 291 622 cum
316 563 471 642 quattuor
493 557 731 637 marmoreas,
754 560 912 640 quadrivii
934 558 1066 624 nomine
1088 561 1204 641 postea
1226 558 1366 642 conexis,

219 669 385 749 tamquam
400 669 574 750 cognatam
588 665 704 752 iungas
724 666 983 750 architecturam,
999 665 1120 730 frustra
1134 664 1365 772 elaboraveris:

220 773 347 856 quando
372 775 524 858 quattuor
547 776 674 837 tantum
693 773 818 837 artibus
838 773 927 838 locus
946 773 1042 838 datus
1061 775 1111 838 est
1128 771 1214 838 inter
1231 773 1365 837 tertium

220 883 253 943 et
280 881 432 944 octavum
459 879 588 944 librum.
634 879 885 945 Mathematicas
913 884 1021 946 autem
1049 879 1124 946 illas
1152 883 1308 965 quattuor
1330 883 1367 944 ut

220 985 285 1050 iam
309 985 491 1051 aVarrone
515 986 721 1051 continuatas
745 985 977 1070 existimemus,
998 1009 1064 1052 uon
1083 989 1193 1071 potest
1210 1007 1277 1051 non
1295 1008 1367 1052 sua·

221 1093 295 1156 dere
314 1091 442 1175 Isidori,
461 1089 577 1176 Boetii,
598 1090 792 1176 Cassiodori,
810 1091 969 1158 Marciani
992 1093 1157 1177 ipsiusque
1180 1095 1218 1157 ut
1240 1091 1368 1158 videtur

221 1197 414 1275 Quintiliani
442 1218 627 1264 consensus.
672 1199 720 1264 Vt
747 1221 819 1265 cnm
843 1199 905 1264 hac
933 1199 972 1264 de
995 1221 1110 1266 caussa
1136 1203 1207 1264 tum
1234 1203 1367 1284 propter

221 1304 380 1370 Marciani
399 1306 439 1370 de
458 1327 492 1370 se
510 1306 582 1390 ipso
601 1306 824 1372 testimonium
845 1305 1093 1372 architecturam
1112 1307 1181 1373 veri
1200 1307 1243 1372 sit
1261 1308 1368 1373 simile

221 1412 372 1476 ultimum
395 1412 502 1476 locum
526 1412 721 1478 obtinuisse:
744 1435 821 1478 nam
846 1417 878 1478 et
901 1414 1006 1499 magis
1030 1414 1177 1498 profecto
1200 1419 1367 1480 consenta-

221 1541 318 1584 neum
341 1523 391 1582 est
415 1518 455 1582 ab
479 1541 526 1602 eo,
549 1520 603 1604 qui
627 1519 809 1584 intueretur
831 1519 988 1586 Varronis
1012 1521 1203 1605 exemplum,
1226 1526 1367 1588 resectas

223 1647 293 1690 esse
317 1629 479 1690 extremas
503 1647 599 1710 quam
624 1625 746 1691 medias
770 1626 935 1711 quasdam,
959 1630 992 1692 ct
1015 1627 1128 1692 eodem
1152 1628 1232 1694 adeo
1256 1629 1368 1694 ordine

222 1731 406 1797 Marcianus
445 1754 464 1796 a
500 1754 534 1796 se
566 1733 813 1816 praetermissas
846 1737 1079 1799 commemorat
1110 1734 1303 1800 medicinam
1335 1739 1369 1800 et

223 1838 487 1923 architecturam,
515 1861 581 1905 non
605 1840 854 1907 architecturam
878 1845 912 1906 et
934 1841 1136 1906 medicinam.
1181 1839 1250 1907 Nec
1274 1845 1369 1926 certe,

223 1946 250 2009 si
273 1946 491 2028 paenultimus
515 1946 605 2012 locus
633 1947 775 2013 tributus
799 1952 870 2012 erat
892 1947 1083 2033 medicinae,
1111 1949 1195 2018 hanc
1218 1948 1369 2014 contendi

222 2055 333 2134 potest
355 2053 461 2137 aptius
486 2054 538 2119 vel
561 2075 581 2119 a
604 2053 727 2120 musice
746 2055 798 2120 vel
816 2055 858 2121 ab
878 2055 1057 2142 astrologia
1079 2078 1177 2140 quam
1201 2056 1241 2120 ab
1267 2054 1370 2121 archi-

224 2160 351 2223 tectura
383 2160 497 2245 excipi.
547 2160 640 2237 Quod
674 2163 783 2226 autem
816 2161 856 2226 ad
888 2162 1031 2246 ipsarum
1065 2161 1369 2227 mathematicarum

222 2264 308 2330 inter
331 2288 401 2331 sese
425 2267 572 2332 ordinem
596 2269 729 2352 attinet,
759 2269 828 2335 sine
852 2273 941 2334 certa
964 2269 1038 2334 sede
1063 2253 1207 2333 omnium
1230 2269 1369 2334 maxime

223 2373 337 2458 vagari
359 2374 517 2438 musicam
540 2374 694 2439 videmus.
740 2374 843 2451 Quam
868 2376 1001 2461 reliquis
1024 2375 1212 2460 postposuit
1233 2373 1369 2439 Marcia-

223 2501 297 2564 nus,
320 2481 557 2564 praemiserunt
580 2480 801 2556 Quintilianus
826 2485 858 2546 et
881 2480 1099 2568 Augustinus,
1122 2481 1262 2547 mediam
1285 2481 1370 2545 inter

225 2587 437 2671 geometriam
461 2589 494 2650 et
517 2585 755 2652 arithmeticam
779 2589 890 2671 posuit
913 2585 1049 2673 Seneca,
1077 2589 1162 2655 inter
1190 2587 1370 2654 arithmeti-

224 2715 295 2758 cam
319 2697 352 2758 et
375 2693 587 2779 geometriam
607 2692 771 2758 Boethius
785 2699 818 2758 et
835 2693 988 2780 Isidorus,
1012 2697 1140 2780 utrique
1164 2697 1371 2761 subiecerunt

224 2799 310 2864 idem
328 2799 473 2866 Isidorus
497 2799 600 2866 altero
623 2800 695 2864 loco
715 2821 787 2865 cum
803 2799 1007 2868 Cassiodoro.
1040 2800 1091 2866 Ex
1114 2801 1166 2866 his
1188 2802 1370 2866 rationibus

225 2907 392 2972 minimam
415 2907 511 2972 fidem
534 2905 656 2973 habent
674 2908 808 2992 mediae,
832 2909 948 2993 quibus
972 2909 1170 2974 divelluntur
1193 2909 1372 2992 geometria

225 3017 258 3077 et
281 3013 495 3080 arithmetica.
542 3014 666 3091 Quibus
691 3016 752 3081 etsi
775 3015 1026 3102 haudquaquam
1054 3015 1260 3080 incommode
1278 3037 1371 3099 prae·

225 3121 357 3203 ponitur
379 3122 503 3186 musica
531 3125 645 3207 utpote
670 3123 899 3208 grammaticae
924 3127 956 3186 et
978 3123 1138 3188 humanae
1161 3123 1291 3208 linguae
1315 3144 1370 3187 no·

224 3227 308 3292 tioni
331 3228 431 3295 valde,
447 3229 569 3314 affinis,
602 3233 713 3294 tamen
741 3230 775 3295 in
798 3229 980 3295 Varronem
1010 3229 1138 3314 quidem
1164 3229 1193 3294 is
1221 3229 1300 3294 ordo
1324 3228 1371 3293 ita

225 3335 352 3398 tantum
376 3333 487 3400 cadere
510 3337 629 3420 possit,
657 3341 693 3400 ut
721 3337 818 3402 simul
842 3337 1052 3422 geometriam
1075 3335 1248 3419 praecedat
1270 3333 1370 3400 arith-

227 3440 342 3506 metica
373 3441 492 3525 qnippe
522 3442 635 3526 quinto
664 3442 750 3506 libro
778 3447 926 3508 tractata
972 3443 1010 3506 Id
1037 3445 1145 3507 autem
1172 3441 1279 3526 ipsum
1305 3463 1371 3506 non

227 3546 295 3611 sine
310 3548 503 3613 confidentia
517 3547 764 3632 pronuntiamus
779 3571 887 3615 carere
902 3549 1156 3633 probabilitate!
1167 3548 1252 3614 Nam
1271 3569 1370 3633 quan-

226 3655 346 3720 tumvis
371 3657 404 3720 in
427 3655 489 3721 hoc
512 3675 627 3742 genere
650 3655 737 3720 inter
759 3679 792 3720 se
818 3656 1001 3742 discrepent
1019 3659 1136 3722 artium
1156 3659 1314 3738 auctores,
1337 3654 1371 3718 in
1385 3673 1412 3713 ro

120 3829 125 3842 ⁸
227 3783 291 3826 una
322 3785 356 3826 re
383 3785 449 3828 non
476 3761 659 3848 promiscue
693 3761 875 3848 discedunt,
908 3764 963 3829 sed
998 3764 1199 3828 saeculorum
1227 3759 1371 3824 ordinem

226 3868 299 3951 ipso
323 3868 470 3934 dissensu
494 3873 624 3935 servant
647 3871 921 3937 constantissime.
957 3868 1152 3936 Posterioris
1171 3867 1222 3932 rel
1241 3866 1372 3931 infimae

230 3974 348 4037 aetatis
372 3978 462 4059 sunt,
484 3975 540 4058 qui
563 3976 705 4060 priorem
728 4000 798 4043 esse
822 3977 1062 4043 arithmeticam
1087 3974 1271 4058 voluerunt,
1295 3970 1372 4038 Oas-

228 4079 389 4164 siodorus,
416 4080 566 4165 Boetius,
597 4082 756 4149 Isidorus:
790 4084 1012 4168 ageometria
1035 4083 1220 4164 ordiuntur,
1253 4079 1308 4165 qui
1331 4078 1373 4142 ad

228 4187 364 4252 meliora
396 4187 523 4251 saecula
555 4189 688 4270 propius
721 4189 893 4274 accedunt,
929 4189 1126 4271 Marcianus,
1159 4185 1373 4270 Augustinus,

229 4289 395 4379 Seneca.*)
445 4289 534 4376 Ergo
567 4296 643 4375 post
669 4293 864 4360 rhetoricam
894 4295 1074 4380 geometria
1105 4297 1138 4358 et
1167 4291 1374 4357 arithmetica

298 4435 325 4504 *l
344 4433 385 4488 De
404 4434 456 4488 hac
475 4431 636 4488 differentia
653 4433 693 4488 sic
711 4433 893 4492 Cassiodorus
912 4442 967 4490 cs
986 4453 1013 4505 p.
1033 4441 1085 4488 563
1096 4451 1126 4488 a:
1146 4432 1298 4502 Scriptores
1316 4448 1373 4487 sce-
1397 4442 1401 4452 “

228 4523 365 4578 cutoriam
397 4523 553 4578 litterarum
584 4523 656 4576 ister
688 4523 851 4593 disaplincs
878 4525 1082 4580 commeratione
1105 4525 1226 4594 primm
1253 4523 1372 4578 manium

282 4632 315 4666 ra
338 4633 485 4668 muscaria
506 4631 637 4668 orvscvns
656 4633 698 4668 111.
1126 4618 1161 4666 24
