3302 5106
252 467 256 476 .
312 415 378 478 420
667 433 728 478 niu
753 431 1100 480 scunrrrsrunuunm

313 572 469 658 gefa'hren
494 571 754 638 Beschcffenheil
777 577 868 659 jencs
893 573 1155 640 Verzcichnisscs
1184 594 1245 658 ger
1274 573 1380 639 nichls
1405 594 1460 658 ge-

314 683 417 742 wussl
433 679 550 764 huben,
569 702 662 744 wenn
681 681 772 745 nicht
791 680 890 746 durch
912 682 1003 746 einen
1022 680 1203 745 besoudern
1219 678 1324 744 Zufcll
1342 678 1460 744 Stltcke

313 783 368 848 des
392 785 572 868 geduchten
592 785 718 852 Briel'es
742 787 891 852 wortlich
915 793 1023 852 wiircn
1047 809 1110 850 von
1128 786 1295 850 Rufinus
1319 789 1352 851 in
1373 787 1460 851 scine

312 911 417 975 gegen
436 891 655 976 Hieronymus
675 892 853 977 gerichteie
872 894 1026 976 Apoloyic
1044 891 1101 978 (=
1116 889 1301 977 Inoccticce)
1320 891 1409 956 Buch
1426 891 1458 955 ΙΙ

313 996 390 1080 Cup.
415 999 458 1062 20
485 999 733 1083 uufgcnommeu
762 1001 906 1065 worden:
935 998 1068 1081 Stiiclre,
1096 1022 1154 1062 sus
1177 999 1279 1062 denen
1302 999 1354 1062 die
1379 995 1459 1061 Her-

312 1105 470 1188 cusgeber
497 1105 552 1169 des
576 1105 798 1190 Hieronymus
829 1108 922 1171 einen
946 1104 1174 1170 lliclrenhelteu
1197 1104 1290 1169 Brief
1309 1105 1354 1169 ad
1374 1105 1460 1168 Pan-

316 1209 379 1274 tam
403 1217 715 1297 zusammengcsetzl
738 1213 803 1276 und
826 1213 888 1277 mit
911 1212 1012 1276 vicler
1037 1210 1180 1274 Willkur
1204 1211 1266 1274 den
1290 1211 1323 1274 in
1349 1209 1459 1275 Hand-

223 1365 227 1374 .
314 1315 471 1380 schriften
492 1318 679 1383 erhsltenen
695 1317 828 1382 Briefcn
842 1317 897 1382 des
912 1315 1132 1401 Hieronymus
1147 1317 1338 1382 einverleibl
1352 1317 1469 1382 haben.

313 1419 380 1506 (bei
404 1421 548 1488 Vallarsi
577 1447 625 1509 ep.
654 1421 720 1510 33).
767 1424 840 1490 Und
868 1446 954 1488 zwcr
981 1424 1085 1488 lculet
1112 1424 1164 1487 die
1188 1421 1288 1488 Siclle
1316 1423 1372 1488 des
1395 1423 1459 1488 Ru·

259 1527 399 1591 rsrlinus
423 1529 467 1592 im
492 1530 792 1616 Zusemmenhange
817 1531 898 1596 also:
997 1567 999 1574 ,

403 1634 564 1701 Libellum
598 1637 757 1721 quendum
790 1638 934 1700 scribens
963 1637 1232 1720 comprehendere
1260 1637 1352 1720 quasi
1380 1635 1460 1699 indi-

313 1739 386 1806 culo
417 1743 557 1826 quodam
585 1745 701 1827 voluit,
733 1748 855 1828 quonia
883 1743 967 1826 apud
995 1742 1129 1807 Latinos
1153 1741 1259 1806 Varro
1287 1743 1462 1825 scripserit,

315 1849 348 1908 et
371 1835 491 1928 quanto
514 1851 599 1934 opud
623 1856 752 1918 nostros
776 1851 932 1936 Origenes
955 1851 988 1914 in
1013 1849 1158 1932 Graecis,
1183 1851 1216 1916 in
1240 1871 1303 1934 quo
1327 1850 1376 1912 itu
1399 1849 1460 1912 ait:

315 1952 364 2016 M.
380 1953 557 2020 Terentium
577 1957 746 2024 Varronem
769 1959 904 2022 mirctnr
926 1957 1107 2037 antinoitas,
1129 1957 1211 2036 qnod
1232 1954 1318 2035 oprtet
1329 1953 1461 2017 Latinos

315 2063 379 2122 tum
402 2061 639 2128 innumerabiles
663 2064 757 2128 lrlrros
778 2065 941 2144 scripserit.
978 2060 1092 2125 Graeci
1114 2059 1348 2125 Ohclccnwnnn
1370 2059 1461 2122 miris

313 2163 447 2244 offerrent
469 2167 620 2252 lerndibns,
642 2170 724 2250 quod
744 2173 846 2234 tantos
869 2169 962 2232 ltlrros
980 2167 1188 2248 wmposnerit,
1211 2171 1340 2246 quantos
1357 2166 1459 2246 qrricis

313 2274 591 2339 nostrnm'alienos
612 2296 670 2339 sno
693 2296 790 2339 nrcnn
807 2275 971 2340 describere
988 2295 1050 2338 non
1063 2273 1171 2354 possit.
1209 2272 1254 2335 Et
1270 2273 1346 2354 qrric
1363 2293 1426 2336 non
1435 2269 1459 2356 ¹)

314 2377 443 2443 otiosum
466 2385 510 2444 est
531 2382 617 2462 aprici
633 2381 764 2446 Latinos
783 2381 973 2446 Graeconnn
994 2379 1185 2449 ootrrnrinum
1203 2378 1333 2441 indicem
1353 2382 1457 2460 tencre,

314 2484 351 2546 de
379 2505 412 2548 eo
440 2487 495 2566 qni
522 2487 616 2550 latine
638 2489 762 2569 scripsit
783 2487 891 2569 aliquo
913 2483 1164 2566 eomnternorabo,
1193 2488 1229 2546 nt
1251 2484 1459 2566 inclinamus

314 2609 371 2654 nos
388 2589 586 2671 Epimenidis
603 2595 737 2657 dornnre
753 2615 905 2672 sornnnrn,
923 2597 953 2657 et
969 2592 1114 2668 cnutoni,
1132 2589 1214 2672 qnod
1226 2589 1276 2653 illi-
1288 2595 1460 2672 posuerunt

314 2695 349 2759 in
372 2699 541 2762 errrditione
562 2700 769 2764 sceerrlcrinm
794 2695 1010 2782 litternrnrn‘),
1032 2717 1089 2760 nos
1108 2697 1140 2758 in
1160 2697 1378 2779 conyreynndis
1396 2697 1459 2778 opi-

315 2803 370 2868 bus
392 2826 513 2887 ponere.
558 2805 691 2888 Scripsit
717 2807 820 2888 itaque
847 2806 947 2870 Varro
974 2804 1183 2886 quodrayintc
1211 2803 1344 2884 qrrinqne
1367 2801 1461 2866 libros

316 2909 558 2992 Antiquitatum,
581 2918 727 2993 quattuor
748 2913 785 2976 de
807 2913 872 2976 vito
889 2911 1000 2994 populi
1023 2909 1167 2972 Romani.
1217 2905 1262 2972 Et
1287 2931 1360 2972 cum
1383 2929 1459 2972 enu-

317 3019 476 3079 merasset
499 3039 557 3100 per
580 3017 710 3102 singule
729 3018 840 3082 omniu
858 3039 940 3102 quae
955 3015 1060 3081 Varro
1080 3015 1219 3100 scripsit,
1242 3015 1366 3079 addidit
1385 3019 1460 3098 post

316 3121 409 3184 hoec:
438 3121 591 3201 erorsnrn
621 3123 771 3188 Varronis
793 3129 821 3186 et
843 3121 1033 3187 Clmlcenteri
1055 3123 1168 3186 mentio
1189 3119 1274 3200 sacto
1296 3121 1346 3204 sit,
1369 3141 1459 3202 qnae-

308 3218 409 3291 ritis?
444 3229 584 3293 Videlicet
606 3235 642 3292 nt
658 3231 701 3292 orl
718 3229 946 3293 Adamantinrn
964 3225 1136 3312 nostrnm³l
1155 3233 1350 3309 nostrumque
1367 3226 1460 3291 Cleol-

315 3337 468 3399 centernrn
482 3338 648 3418 sociamus,
666 3336 720 3416 qni
734 3340 819 3398 tinto
833 3335 868 3398 in
881 3339 1061 3399 sanctonum
1075 3323 1300 3416 scre'yrlrricrum
1314 3354 1460 3398 somnien-

316 3441 408 3506 tcriis
434 3442 543 3506 nidore
570 3439 769 3525 tobor·ccit⁴),
799 3445 834 3504 nt
860 3441 938 3506 inste
961 3441 1150 3506 Adcrnontii
1175 3461 1285 3504 nornen
1307 3439 1460 3520 cccqrerit.

322 3547 423 3612 Vultis
449 3568 581 3626 noscere,
608 3553 726 3629 qncntc
753 3547 872 3631 inyenii
898 3549 950 3612 sni
976 3548 1134 3630 reliquerit
1155 3545 1365 3610 monimenta?
1406 3544 1460 3609 Se-

315 3677 410 3738 quens
432 3656 541 3750 titulus
564 3657 699 3720 ostendit.
737 3654 870 3738 Scripsit
891 3655 926 3720 in
945 3653 1088 3719 Genesim
1107 3651 1200 3716 lrlrros
1218 3653 1365 3726 tredecim,
1389 3651 1459 3732 My·

316 3764 464 3828 sticarum
486 3761 688 3827 homiliarem
707 3761 799 3826 libros
817 3763 901 3846 dnos,
924 3762 959 3824 in
977 3759 1086 3824 Exodo
1105 3761 1252 3840 excerpta,
1275 3759 1309 3823 in
1328 3759 1460 3822 levitico

316 3873 464 3950 excepta.
510 3868 555 3932 Et
581 3873 657 3952 post
680 3869 784 3933 mults
807 3869 878 3932 item
902 3865 1008 3949 inquit
1030 3863 1224 3943 morrobrlrlrc,
1247 3861 1322 3948 περὶ
1345 3859 1459 3957 ιξρχῶν

317 3975 411 4039 liirros
435 3979 593 4056 qrrotnror,
615 3975 651 4039 de
675 3976 892 4041 resurrectione
918 3971 1011 4038 ltlrros
1035 3972 1124 4049 dnos,
1146 3975 1175 4034 et
1199 3971 1279 4036 otios
1300 3971 1337 4035 de
1358 3989 1460 4034 resur-

391 4173 416 4238 ¹)
434 4185 491 4222 non
509 4168 553 4222 fur
571 4167 622 4220 das
640 4183 715 4222 nnnc
733 4167 783 4222 der
801 4165 911 4220 Drucko
930 4165 1002 4220 habe
1022 4164 1067 4220 ich
1086 4163 1147 4218 hier
1165 4162 1317 4233 anticipirt.

388 4259 415 4326 2)
434 4255 471 4310 So
490 4255 551 4312 cod.
571 4253 653 4310 Gerr.
673 4255 718 4310 fflr
735 4257 945 4324 scripturarum.

388 4349 414 4411 3)
433 4350 625 4398 nostrumnon
644 4343 805 4398 deniselbeu
825 4343 884 4396 cod.
904 4341 1097 4414 hincugeltigt.

387 4436 415 4501 t)
434 4432 600 4502 Auticipirte
622 4431 724 4486 liecurt.
753 4436 831 4486 tanto
853 4433 945 4486 studio
968 4433 1177 4486 instinctorum
1196 4429 1399 4498 scripturorum
1419 4429 1459 4482 lc-

318 4521 380 4574 bore
397 4521 507 4574 micuit
526 4522 570 4574 dic
590 4521 720 4589 Vulgstc,
739 4519 796 4572 und
814 4520 887 4574 ohne
905 4521 996 4574 studio
1015 4521 1074 4576 eod.
1094 4519 1176 4574 (lam.
