3302 5106
585 417 859 467 n1seu³nmsavu
882 417 1007 467 nranrs.
1301 401 1367 468 383

220 561 308 644 tiam,
330 564 367 624 at
383 560 470 642 opud
481 559 628 626 Aoniam:
652 560 707 626 ‘an
723 561 797 626 boec
813 562 879 626 rom
896 561 983 626 obliti
1000 565 1073 626 arnt
1085 559 1232 644 Pbryyes'
1252 557 1366 646 (immo

222 664 369 753 Bnryes).
400 687 634 750 nonnumquam
661 669 701 734 ob
722 667 772 734 bis
793 670 920 734 initiam
942 670 991 750 fit,
1020 671 1056 732 nt
1076 669 1163 750 oprod
1183 665 1367 734 Ooomlrion:

222 773 266 838 ‘di
289 773 360 838 boni
381 776 459 857 quid
479 774 561 853 boo'3
584 775 671 858 aponi
694 776 887 840 Terentiano:
911 774 1091 841 ‘tamor
1112 773 1233 840 onimi'.
1278 775 1367 840 Idem

226 879 326 945 Varro
357 883 393 946 in
423 885 526 948 eodem
553 883 603 948 leb.
634 882 705 947 VII
728 884 765 947 de
793 883 901 966 linono
928 883 1029 948 latino
1051 882 1095 946 ad
1114 879 1301 946 Marcellrnn
1322 883 1367 948 sio

219 989 311 1053 elicit:
341 995 398 1054 ont
426 991 460 1055 in
490 996 659 1055 extrenum
688 989 848 1053 soranam
875 990 998 1054 totidem
1019 987 1221 1072 sonipedibus
1242 989 1367 1054 miudes

219 1095 278 1177 fiat
299 1098 431 1162 sommus
452 1097 636 1180 quadratus,
662 1100 699 1161 nt
720 1095 786 1162 bio:
815 1095 893 1161 ‘lteri
914 1095 1032 1178 oliqrwt
1054 1095 1272 1161 malaoenbrli
1294 1097 1366 1160 ooii-

219 1223 289 1268 mns
311 1203 346 1268 in
369 1201 505 1269 Pirooo’.
549 1201 665 1267 Eidem
690 1202 791 1288 igitur
815 1203 980 1286 septimo
1005 1201 1045 1266 ad
1068 1199 1259 1267 Marcellum
1282 1203 1365 1268 libro

220 1310 319 1374 etiam
347 1309 427 1375 haee
455 1331 522 1374 non
551 1309 753 1374 haesitanter
774 1309 899 1375 tribues
923 1331 953 1394 p.
976 1309 1041 1374 378
1061 1329 1107 1393 sq.
1130 1310 1150 1389 5
1174 1309 1204 1374 2.
1227 1309 1261 1374 3:
1290 1309 1367 1375 Dio·

218 1417 318 1480 modes
353 1417 414 1482 sio:
431 1417 659 1498 septenarium
690 1437 811 1482 uersum
839 1415 939 1483 Varro
971 1414 1042 1497 fieri
1072 1415 1147 1480 dicit
1176 1415 1231 1480 boo
1261 1418 1366 1482 modo:

219 1542 288 1587 arm
316 1525 359 1588 ad
384 1523 522 1588 irrmbnrn
549 1523 728 1606 mylanae
750 1543 805 1606 pes
832 1521 959 1586 additur
987 1522 1073 1603 etfit
1095 1522 1171 1586 tole:
1199 1519 1287 1603 ‘prid
1308 1523 1366 1586 inr-

219 1630 404 1696 merentsbns
425 1647 521 1713 noras,
544 1631 620 1711 qrrid
641 1631 758 1694 invides
780 1627 910 1693 amias'.
933 1627 1077 1692 similitor
1094 1628 1130 1691 in
1146 1627 1285 1692 Terentio
1302 1649 1366 1693 ver·

221 1757 276 1802 ens
297 1743 357 1802 ost:
382 1735 469 1802 ‘nom
490 1737 697 1802 siremittont
717 1737 878 1818 quippiam
896 1735 1100 1800 Philumenae
1122 1733 1258 1799 doloras’.
1281 1739 1310 1798 et
1331 1737 1367 1798 in
1499 1721 1506 1736 '

220 1843 334 1909 Plauto
356 1864 444 1926 saepe
466 1844 541 1909 iolas
557 1845 760 1926 reperientes.
798 1843 899 1907 Varro
913 1843 952 1906 'do
971 1841 1079 1923 linyrro
1097 1840 1198 1904 latina
1215 1841 1259 1904 od
1275 1841 1364 1905 Mor·
1380 1861 1406 1900 as

184 2001 190 2014 .
220 1949 328 2014 oelbrm
359 1953 422 2015 sio:
453 1971 549 2033 meare
579 1951 615 2014 in
646 1949 823 2016 bninsnodi
854 1949 929 2014 loeis
956 1948 1034 2030 poni
1059 1951 1175 2031 oportet
1200 1952 1306 2013 notam
1331 1951 1367 2014 in

220 2061 429 2122 tamensem
460 2059 541 2123 inter
571 2056 719 2141 syllabas,
754 2057 945 2139 frequentias
976 2057 1019 2120 ad
1048 2059 1217 2121 eobanum
1246 2075 1366 2121 emaum

218 2165 377 2228 serrantium
404 2169 433 2228 et
453 2164 583 2248 similes,
609 2165 716 2246 sipro
739 2163 831 2247 lonyo
854 2164 970 2228 breuem
991 2161 1155 2242 habebant
1180 2168 1217 2227 nt
1238 2165 1273 2229 in
1295 2163 1366 2228 boo:

220 2269 351 2336 ‘ommes
373 2289 513 2337 summos
534 2291 618 2336 mens
641 2275 670 2334 et
684 2271 851 2352 popularis
874 2267 978 2334 Geto'.
1006 2267 1170 2334 &maanes
1191 2271 1251 2334 sio:
1273 2275 1366 2352 septe-

218 2379 346 2442 narium
372 2397 492 2444 aaaron
519 2379 589 2459 fieri
617 2377 692 2441 dicit
719 2377 819 2441 Varro
848 2375 903 2440 hoo
930 2375 1033 2458 ando,
1059 2393 1130 2439 oron
1158 2375 1201 2438 od
1229 2377 1366 2441 iambum

220 2483 398 2566 trisyllabus
414 2503 471 2565 pes
494 2483 638 2546 additur:
659 2486 695 2545 nt
711 2481 894 2563 praefation
912 2485 962 2546 est.
995 2479 1060 2546 Vix
1079 2479 1205 2545 videtur
1224 2479 1366 2548 dubitari

218 2611 324 2673 posse,
347 2589 425 2673 quin
448 2609 487 2652 ex
512 2587 624 2652 eodem
643 2586 799 2652 Varronis
823 2586 917 2669 libro,
940 2586 992 2652 oui
1014 2587 1208 2653 nominatim
1227 2609 1365 2654 somme·

218 2700 346 2763 morato
379 2717 438 2760 sua
468 2694 603 2759 Rufinus
635 2693 745 2778 debet,
778 2693 878 2757 etiam
906 2691 1084 2757 Diomedes
1113 2697 1147 2758 et
1174 2693 1366 2761 Charisiano

218 2803 323 2886 petita
346 2801 427 2885 sint,
455 2799 573 2885 quibus
596 2785 733 2885 propter
752 2799 857 2883 ipsam
882 2800 1064 2883 argumenti
1087 2801 1364 2884 propinquitatem

219 2933 279 2974 sua
301 2912 452 2992 excerpta
475 2907 531 2971 ille
554 2908 762 2991 interposuit,
791 2907 859 2971 sive
881 2906 951 2990 ipse
975 2905 1132 2972 Varronis
1156 2905 1257 2972 libros
1281 2911 1364 2971 trae-

218 3019 302 3083 tavit
334 3017 402 3082 sive
430 3015 471 3080 ab
500 3015 580 3100 alio,
613 3015 668 3101 qui
695 3018 867 3097 traotamt,
899 3015 977 3079 item
1006 3017 1174 3080 mutuatus
1198 3016 1256 3078 ast.
1301 3010 1364 3077 Sed

218 3145 282 3208 qno
314 3123 444 3188 vinculo
472 3121 639 3189 Diomedis
672 3143 745 3187 enm
773 3121 882 3186 Rufini
911 3121 1101 3186 testimonio
1129 3120 1364 3204 continebatur,

217 3231 249 3294 id
272 3231 378 3314 ipsum
400 3231 539 3296 recisum
563 3233 620 3295 est
657 3228 731 3295 Non
756 3233 866 3313 potest
889 3229 975 3293 enim
998 3249 1063 3293 non
1085 3225 1138 3292 hio
1157 3247 1227 3292 esse
1244 3227 1362 3292 utrius-

218 3357 279 3421 que
311 3357 427 3421 nexus,
458 3341 496 3401 ut
527 3359 547 3401 a
578 3336 688 3420 modo,
722 3357 786 3420 quo
818 3335 1022 3420 septenarius
1054 3336 1146 3399 tieret
1177 3355 1194 3398 e
1225 3335 1363 3418 senario,

215 3444 407 3508 transiretur
430 3441 471 3508 ad
494 3443 608 3508 talium
631 3442 888 3526 septenariomm
912 3441 1261 3524 commemorationem,
1285 3463 1361 3525 quo·

217 3569 288 3613 rum
318 3547 425 3614 media
455 3547 584 3632 syllaba
611 3547 718 3611 brevis
733 3529 936 3612 baberetur:
970 3547 1115 3632 qualium
1145 3551 1273 3614 constat
1295 3569 1362 3613 non

216 3656 373 3721 minorem
397 3677 467 3721 erse
490 3651 731 3719 multitudinem
755 3675 852 3738 quarn
876 3675 1013 3738 quorum
1036 3651 1143 3718 media
1161 3654 1290 3737 syllaba
1308 3653 1362 3718 ad·

216 3764 307 3828 misit
330 3763 465 3828 hiatum.
507 3762 550 3828 ln
571 3761 748 3827 bainsmodr'
769 3761 871 3847 igitur
894 3761 967 3828 locos
989 3761 1020 3826 h.
1044 3783 1070 3825 e.
1094 3781 1166 3826 eum
1190 3759 1225 3822 in
1248 3757 1362 3823 mediis

216 3869 407 3952 septenariis
434 3873 505 3934 tum
532 3869 713 3954 ubieunque
741 3867 848 3934 brevis
877 3872 928 3933 est
950 3889 1009 3952 pro
1033 3867 1133 3952 longa
1156 3865 1296 3950 syllaba,
1325 3869 1363 3930 ut

216 3976 250 4040 in
279 3975 430 4039 extremis
453 3975 598 4040 versibus
622 3976 688 4042 arsi
712 3975 911 4060 terminatis,
939 3975 1045 4040 Varro
1069 3973 1146 4058 poni
1169 3973 1266 4039 iussit
1289 3994 1362 4038 eau-

215 4082 289 4147 dem
308 4083 421 4147 notam
439 4080 617 4164 metricam,
636 4104 699 4166 qua
717 4083 752 4147 in
772 4082 886 4147 mediis
907 4081 1036 4167 quidem
1056 4081 1205 4148 versibus
1219 4078 1362 4166 (quando

215 4189 250 4254 in
286 4186 438 4253 extremis
469 4183 596 4271 inutile)
626 4187 667 4252 ad
697 4189 874 4255 notandum
902 4187 1028 4254 hiatum
1056 4187 1233 4270 reperimus
1264 4185 1362 4250 etiam

216 4293 435 4362 Godofredum
458 4289 682 4356 Hermannum
711 4315 813 4358 usum.
863 4293 968 4370 Quam
995 4296 1107 4358 notam
1136 4313 1202 4357 non
1229 4291 1361 4357 memini

215 4425 235 4467 a
263 4401 399 4482 εημείων
427 4397 659 4484 interpretibus
690 4401 855 4482 explicari.
900 4399 953 4464 Ab
977 4399 1036 4463 illo
1059 4403 1167 4464 autem
1191 4397 1360 4466 Diomedia

214 4509 413 4593 testimonio,
436 4505 522 4592 quod
546 4509 597 4572 est
619 4527 650 4591 p.
673 4505 739 4570 514
757 4505 790 4572 P.
813 4507 879 4571 499
904 4509 924 4586 ξ
948 4505 989 4570 51
1011 4503 1059 4585 G,
1091 4505 1251 4590 profioisoi
1274 4506 1361 4593 lieet,
