3274 5114
687 339 969 388 COMMENTARIVS.
1334 325 1398 389 247

255 485 288 548 et
309 483 457 566 profecto
480 487 548 547 rion
571 485 641 548 erat
663 482 824 566 petiturus
848 487 984 549 tantum.
1021 481 1074 547 Ab
1098 504 1196 547 uxore
1220 486 1328 548 autem
1347 507 1399 568 pe

253 589 342 655 tendi
364 591 475 674 potius
498 611 597 674 quam
619 588 804 674 postulandi
828 611 865 653 eo
888 589 963 672 plus
987 609 1121 654 caussae
1139 588 1252 655 Laelio
1275 590 1338 655 fuit
1356 627 1398 636 —-

253 696 281 760 si
303 695 401 762 modo
425 695 517 761 ‘certi
542 693 695 760 auctoris'
719 695 831 759 fabula
855 717 996 759 uera-
1020 695 1105 780 quod
1127 695 1397 762 Matronaliorum

253 802 305 868 die
333 799 385 888 (eo
414 803 500 868 enim
528 806 673 886 spectare
700 801 849 866 10010κῖ00
875 802 1015 868 Martias
1042 802 1167 886 pridem
1196 803 1398 868 intellectum
1412 829 1452 869 sio

253 907 316 994 est)
343 930 447 992 penes
471 912 638 974 matronas
667 908 734 973 siue
762 910 909 991 potestas
937 912 971 972 et
997 908 1175 975 auctoritas
1199 910 1267 976 sive
1290 911 1398 996 gratia

253 1021 286 1080 et
308 1016 443 1081 libertus
467 1019 545 1080 erat.

339 1155 442 1222 Versu
473 1156 491 1220 3
521 1177 560 1220 ex
587 1157 620 1220 A
656 1156 834 1240 repositum
868 1175 991 1237 0000000
1027 1157 1099 1240 ipsa
1133 1157 1287 1242 loquendi
1323 1180 1396 1222 con-

253 1262 388 1330 suetudo
413 1262 560 1328 Suetonii
583 1261 797 1346 commendat,
821 1263 875 1347 qui
898 1283 965 1328 sero
988 1265 1111 1328 taruiem
1134 1265 1232 1330 etiam
1251 1265 1335 1351 Aug.
1354 1266 1397 1330 94

251 1371 319 1435 init.
334 1368 428 1434 Galb.
442 1371 486 1434 20
500 1368 614 1447 iunxit,
632 1369 731 1434 serius
745 1371 867 1434 mederi
881 1391 1051 1454 nusquam,
1070 1370 1133 1435 nisi
1148 1371 1224 1456 quid
1238 1395 1289 1436 me
1304 1373 1397 1458 fugit.

342 1495 448 1560 Versu
471 1495 505 1560 10
526 1495 653 1578 suerint,
677 1493 762 1578 quod
785 1493 885 1578 vulgo
909 1497 1098 1578 corruptum
1116 1496 1151 1560 in
1167 1497 1261 1581 sacre,
1285 1497 1397 1563 eodem

231 1580 397 1668 'Parisino
421 1602 509 1686 duce,
532 1602 566 1667 in
591 1624 654 1686 quo
675 1601 748 1682 fuci
769 1605 827 1684 est,
850 1599 978 1664 restitui
1002 1599 1113 1666 eadem
1131 1604 1268 1669 rationis
1286 1625 1396 1670 neees-

251 1709 345 1774 silate
370 1732 433 1794 qua
455 1733 486 1794 p.
510 1709 584 1792 210,
601 1709 642 1772 14
665 1729 682 1771 0
705 1708 850 1772 dicuntur
872 1705 1012 1772 Rothius
1035 1709 1179 1774 dieantur
1202 1709 1316 1794 effecit,
1339 1711 1395 1776 ubi

250 1816 374 1882 soloece
397 1816 474 1881 libri
498 1815 672 1882 deteriores
695 1815 875 1879 dicerentur.

339 1939 446 2007 Versu
458 1915 494 2006 '11
517 1939 690 2026 diligenter
707 1939 880 2022 pensitatis
900 1960 982 2024 quae
1000 1939 1130 2023 prolata
1149 1945 1226 2007 sunt
1244 1942 1395 2008 omnibus

241 2059 314 2113 “non
340 2048 433 2132 potui
460 2069 528 2113 non
555 2046 643 2112 viam
667 2046 748 2110 olim
771 2045 957 2111 institutam
980 2045 1110 2132 Parerg.
1133 2069 1164 2132 p.
1188 2049 1254 2114 300
1277 2051 1395 2116 tenere.

249 2154 340 2231 Quod
359 2153 446 2219 enirn
465 2152 701 2220 aMommseno
720 2152 926 2236 propositum
946 2157 996 2217 est
1014 2151 1099 2236 apud
1114 2152 1270 2220 Rothium
1284 2179 1314 2240 p.
1332 2157 1394 2223 182

247 2268 275 2325 et
296 2263 351 2344 qui
368 2260 551 2327 Molibus
575 2259 666 2344 ludia,
688 2259 721 2323 id
744 2257 874 2343 quidem
892 2280 955 2343 quo
973 2257 1105 2323 tandem
1124 2261 1220 2326 modo
1240 2261 1302 2326 tibi
1321 2284 1393 2346 pcr-

248 2365 397 2433 suadebis
420 2365 590 2450 depravari
613 2365 647 2430 in
670 2365 774 2447 elgeri
796 2363 1009 2430 consutoribus
1033 2364 1114 2430 ludis
1135 2366 1304 2449 potuisse?
1349 2367 1394 2432 Et

247 2471 318 2558 quis
348 2471 479 2538 tandem
508 2473 599 2537 datus
627 2490 698 2536 esse
726 2469 879 2551 sabulos
908 2469 992 2535 ludis
1020 2469 1208 2538 Floralibus
1237 2473 1393 2540 tradidit?

247 2577 369 2655 Quibus
402 2582 491 2643 actos
526 2599 595 2643 esse
628 2577 745 2644 mimos
778 2577 909 2643 scimus:
944 2577 1071 2658 fabulas
1103 2585 1212 2645 autem
1239 2603 1393 2667 umquam

247 2685 349 2752 dictos
377 2685 494 2748 mimos
525 2683 717 2768 simpliciter
743 2682 942 2768 ignoramus.
987 2681 1034 2747 Et
1057 2684 1084 2748 si
1106 2685 1192 2752 forte
1215 2689 1322 2753 mimis
1344 2689 1393 2754 fa·

248 2791 343 2856 bulae
365 2789 545 2876 posteriore
569 2793 676 2854 aetate
701 2789 926 2855 successerint:
956 2793 991 2854 at
1012 2792 1193 2874 posteriore
1216 2797 1323 2859 aetate
1346 2795 1392 2860 fa

247 2898 342 2964 bulae
365 2897 464 2962 etiarn
483 2895 671 2962 Cerealibus
689 2895 775 2960 ludis
795 2899 959 2980 spectatae
978 2901 1062 2981 suut,
1086 2901 1131 2983 ut,
1150 2900 1205 2984 qui
1224 2900 1391 2966 11100000-

245 3005 401 3070 iecturam
425 3025 540 3087 capere
563 3003 602 3067 de
626 3001 726 3068 simili
749 3002 900 3068 instituto
923 3001 1046 3068 liberae
1069 3003 1284 3089 reipublicae
1304 3007 1393 3091 velit,

246 3111 392 3194 proiecto
423 3111 522 3176 ctiam
552 3109 754 3194 probabilius
784 3107 958 3176 Cerealibus
987 3109 1087 3174 latere
1118 3110 1153 3175 in
1179 3113 1391 3178 comanae

246 3217 309 3282 sibi
337 3217 526 3301 persuaderi
555 3239 576 3282 a
597 3215 676 3282 Tan.
699 3215 806 3281 Fabro
829 3216 983 3300 patiatur.
1027 3213 1141 3300 ltaque
1164 3239 1236 3283 cum
1259 3241 1319 3284 nec
1342 3243 1391 3286 co·

245 3323 389 3389 moedias
413 3323 507 3390 datas
531 3323 615 3389 ludis
634 3321 828 3406 Floralibus,
851 3344 910 3388 nec
933 3322 967 3386 in
990 3321 1042 3388 his
1066 3323 1237 3408 quiequam
1260 3327 1311 3391 vel
1334 3327 1392 3391 illa

246 3432 352 3494 aetate
376 3431 426 3494 vel
450 3453 470 3494 a
493 3429 635 3516 Sulpicio
655 3429 749 3495 Gallo
773 3433 930 3494 novatum
952 3429 1020 3494 ullo
1044 3430 1231 3496 testimonio
1256 3437 1391 3516 constet,

246 3539 360 3600 contra
382 3539 571 3604 testimonio
596 3536 776 3602 certissimo
799 3535 885 3600 idem
904 3533 1066 3620 Sulpicius
1090 3558 1162 3601 oum
1185 3539 1390 3605 001οΤ0000-

247 3641 336 3707 tiana
364 3643 518 3728 societur,
548 3647 585 3710 ut
611 3665 674 3728 quo
698 3641 828 3707 consule
850 3641 990 3726 primam
1014 3641 1082 3706 eius
1106 3646 1221 3726 poetae
1245 3645 1390 3710 fabulam

247 3747 404 3816 Andriam
437 3754 544 3816 aotam
577 3773 646 3816 esse
679 3749 763 3814 ludis
790 3746 1032 3834 Megalensibus
1065 3770 1082 3812 0
1110 3747 1279 3834 deperdita
1305 3773 1389 3817 nunc

247 3855 423 3922 didascalia
449 3856 597 3923 Donatus
630 3855 822 3942 prodiderit,
852 3877 918 3921 non
946 3853 1090 3922 videmur
1117 3856 1222 3942 egisse
1251 3857 1389 3924 inconsi-

246 3998 388 4064 deratius
416 4021 489 4066 oum
516 3977 536 4080 d
562 3990 774 4067 consularibus
801 4003 915 4064 netum
943 4019 1013 4064 esse
1041 4019 1059 4062 e
1085 3974 1105 4079 d
1131 3999 1268 4079 masada
1286 4021 1388 4085 ¹mepa-

246 4105 393 4186 escuem
415 4107 637 4172 contendimus
660 4106 728 4172 veri
751 4127 822 4170 esse
846 4105 1055 4170 simillimum.
1095 4102 1185 4170 Neve
1208 4105 1280 4190 quis
1304 4105 1388 4170 forte

246 4211 333 4278 ludos
359 4213 550 4297 Mepolerases
579 4215 710 4296 expetat
736 4233 796 4296 pro
823 4211 1050 4294 Megobnsrbus
1077 4211 1172 4293 ludis,
1201 4209 1387 4276 Suetonium

246 4319 330 4384 scito
359 4319 420 4385 hoo
448 4321 519 4404 ipso
550 4318 722 4383 verborum
750 4317 862 4382 ordine
889 4321 1019 4382 tantum
1046 4337 1112 4382 non
1140 4337 1266 4402 semper
1294 4339 1387 4382 usum
1473 4313 1476 4320 ’

246 4423 393 4513 (prorsus
422 4426 462 4492 ad
490 4423 737 4490 similitudinem
760 4445 872 4490 eorum
895 4444 976 4509 quae
1000 4422 1041 4488 od
1062 4445 1093 4506 p.
1116 4421 1196 4508 205,
1219 4423 1239 4490 3
1268 4425 1387 4490 tracta·
