3274 5114
437 423 465 470 0.
489 424 637 474 svsuonl
660 423 880 484 TRANQVILLI
904 425 986 472 VITA
1010 421 1174 474 Taunum.
1308 405 1375 472 205

230 565 349 628 missus
373 567 432 630 est.
459 565 590 650 quidam
613 545 746 652 captum
770 589 840 634 esso
861 569 1062 634 existimant:
1085 566 1170 652 quod
1193 565 1264 632 fieri
1281 565 1374 632 nullo

231 671 326 737 modo
357 673 504 757 potuisse
534 673 719 742 Fenestella
751 676 857 760 docet,
894 697 967 742 cum
998 673 1085 742 inter
1115 675 1213 740 finem
1244 671 1375 738 secundi

230 777 345 844 Punici
367 779 445 846 belli
469 783 502 846 et
523 781 653 848 initium
676 783 767 848 tertii
790 787 824 848 et
846 786 944 848 uatus
967 782 1012 848 sit
1034 785 1067 846 et
1085 784 1239 846 mortuus.
1268 799 1328 846 neo
1347 779 1375 843 si

230 907 250 948 a
271 883 423 952 Numidis
451 891 508 954 aut
531 887 680 956 Gaetulis
708 893 821 974 captus
851 890 906 972 sit,
937 888 978 954 ad
1000 888 1167 954 domiuum
1190 886 1375 954 Romanum

201 993 398 1076 ipemeuire
427 995 587 1080 potuisse,
614 995 706 1062 nullo
734 995 927 1062 commercio
955 994 1041 1060 inter
1063 993 1196 1060 Italicos
1220 997 1253 1059 et
1275 992 1373 1058 Afros
1388 1008 1413 1048 2⁷

229 1099 293 1164 nisi
316 1103 391 1184 post
413 1100 553 1168 deletam
567 1101 805 1188 Karthaginem
829 1105 954 1185 coepto.
985 1100 1040 1164 bic
1057 1122 1131 1166 cum
1149 1100 1262 1165 multis
1280 1099 1373 1165 uobi-

229 1204 316 1270 libus
344 1205 551 1274 familiariter
577 1209 674 1293 uixit,
702 1208 758 1274 sed
782 1208 921 1278 maxime
945 1229 1018 1273 cum
1042 1203 1194 1292 Scipione
1218 1205 1374 1272 Africano

229 1315 263 1375 et
285 1309 320 1378 G.
343 1311 465 1400 Laelio,
487 1315 605 1400 quibus
627 1315 728 1382 etiam
753 1315 896 1400 corporis
920 1313 1029 1399 gnatia
1052 1312 1242 1378 conciliatus
1265 1313 1375 1378 existi-

228 1421 344 1484 matur.
368 1422 452 1505 quod
476 1425 510 1487 et
530 1423 637 1506 ipsum
661 1421 846 1488 Fenestella
870 1422 991 1508 arguit,
1019 1418 1214 1485 contendens
1238 1424 1374 1507 utroque

189 1539 215 1578 ¹⁰
229 1526 383 1592 maiorem
419 1531 499 1593 natu
535 1527 644 1596 fuisse.
690 1531 838 1616 quamuis
871 1533 905 1594 et
934 1527 1045 1613 Nepos
1079 1525 1229 1611 aequales
1262 1549 1373 1592 omnes

228 1629 328 1697 fuisse
351 1633 460 1699 tradat
478 1637 511 1700 ct
527 1633 662 1702 Porcius
681 1637 895 1722 suspitionem
914 1635 953 1702 de
972 1632 1201 1701 consuetudine
1219 1655 1278 1718 per
1295 1633 1374 1698 hacc

228 1737 341 1804 faciat:

273 1861 359 1929 Dum
382 1864 552 1932 lasciuiam
573 1867 734 1932 nobilium
757 1871 791 1933 et
813 1868 925 1933 laudes
947 1866 1077 1932 fumosas
1101 1865 1191 1950 petit,

299 2041 375 2109 6515.
395 2045 457 2110 206,
479 2047 502 2095 1.
522 2046 554 2109 ⁸3
572 2059 599 2112 p.
619 2047 680 2112 208,
698 2047 715 2096 8
734 2041 860 2100 Donatus
878 2042 907 2098 in
925 2043 1046 2114 Adelph.
1066 2040 1136 2111 prol.
1156 2045 1203 2094 15:
1224 2039 1373 2094 ‘nonnius

230 2149 440 2158 --——--

300 2222 314 2270 1
335 2219 379 2272 aet
395 2233 446 2273 om.
466 2217 523 2274 ΕΖ
593 2218 678 2288 quidsi
697 2221 725 2274 A
796 2220 856 2276 ullc
873 2219 979 2276 Boon
1049 2225 1066 2274 2
1085 2219 1209 2290 potuisse
1228 2235 1278 2276 om.
1298 2218 1322 2273 O

228 2305 302 2360 inter
319 2307 403 2362 finem
421 2309 457 2362 A.
476 2307 506 2363 in
524 2307 579 2364 fine
597 2310 678 2364 ceteri
749 2316 765 2363 3
785 2309 853 2364 bclli
869 2309 965 2378 punici
979 2308 1044 2376 EG,
1068 2308 1123 2363 Vct.
1144 2307 1212 2362 belli
1227 2307 1259 2360 Z.
1278 2305 1373 2376 punici

229 2394 297 2450 belli
315 2397 397 2452 natus
415 2396 452 2452 sit
469 2395 501 2452 F
565 2397 647 2453 initio
664 2397 730 2453 BF.
749 2399 815 2452 ante
833 2397 946 2454 initium
966 2397 1019 2452 ΕΖ
1084 2396 1165 2452 tercii
1182 2397 1210 2452 A
1278 2397 1307 2450 ct
1324 2412 1372 2450 na·

225 2485 271 2539 tus
294 2485 332 2540 sit
354 2488 384 2540 et
400 2485 581 2543 Riochatus.-
609 2489 693 2543 nataa
717 2488 754 2544 sit
776 2490 806 2544 ot
824 2489 889 2542 Ald.
913 2489 996 2544 natus
1014 2489 1059 2542 est
1076 2487 1202 2558 chistri,
1226 2485 1283 2540 nisi
1300 2483 1373 2554 qaod
1473 2559 1480 2572 ι

226 2577 307 2630 natus
325 2577 370 2631 sat
386 2575 422 2644 G,
435 2591 554 2646 proram
570 2591 622 2633 om.
641 2576 673 2632 F
751 2577 876 2632 mortuus
894 2591 944 2632 om.
964 2575 990 2632 G
1068 2591 1103 2629 ne
1121 2573 1199 2630 Boo
1270 2572 1295 2628 si
1314 2571 1372 2627 ani-

226 2663 350 2718 midisA
423 2672 441 2720 4
464 2667 514 2720 aut
531 2665 599 2732 EF,
627 2665 684 2722 Vei.
703 2667 733 2720 et
751 2665 831 2722 ctiori
890 2664 995 2736 getnris
1014 2665 1050 2722 A.
1068 2663 1192 2734 genialis
1210 2663 1280 2732 (eod.
1298 2679 1333 2718 m.
1353 2679 1372 2716 n

225 2751 287 2821 del.)
306 2752 342 2806 F.
361 2753 465 2822 getulia
484 2755 564 2810 ceteri
636 2753 674 2808 sit
690 2770 741 2812 ona
762 2753 796 2810 G.
859 2753 895 2810 cd
914 2753 1057 2808 dominum
1077 2754 1138 2808 Iac.
1153 2751 1316 2806 armenos.
1336 2749 1372 2804 ad

226 2839 324 2895 ducem
338 2841 459 2898 BEFG.
479 2841 616 2897 adducam
631 2843 719 2899 AOD.
739 2843 880 2898 Graviora
896 2843 1008 2898 aalma
1025 2841 1127 2896 adduci
1140 2841 1259 2894 Romam
1277 2837 1372 2906 ibique

226 2929 321 2984 uenire
335 2931 521 3001 penitam
539 2932 705 3002 Sdscpenm,
723 2933 875 2988 adductum
893 2931 1011 2986 Romam
1030 2929 1126 2986 uenire
1142 2929 1328 2984 Moiaenacaas

227 3022 243 3071 5
261 3018 494 3088 peruenisscreG
565 3021 704 3092 potuisset
717 3021 787 3076 (ist
857 3017 1019 3075 commertio
1034 3018 1071 3076 Ε.
1090 3015 1223 3074 comertic
1236 3014 1373 3070 BODGZ

296 3107 429 3177 italiqaos
452 3109 488 3163 A.
511 3110 633 3179 ytalioos
652 3110 712 3166 01).
735 3109 820 3166 italos
838 3109 894 3164 Fe
966 3107 1199 3178 tharthaginem
1218 3105 1251 3162 G.
1275 3104 1370 3162 kun-

225 3195 320 3265 ginem
337 3197 426 3253 1301).
446 3197 620 3269 canapinam
632 3201 669 3254 A.
687 3199 881 3270 carthaginem
899 3199 980 3254 caua·
1050 3199 1133 3268 cepto
1147 3195 1267 3252 ABFG.
1287 3197 1370 3266 capto

228 3284 286 3340 cl).
305 3287 406 3356 cacpto
425 3285 456 3342 E
514 3288 674 3344 nominibus
691 3290 761 3359 (eod.
780 3306 854 3344 man.
873 3304 942 3344 corr.
961 3288 993 3344 in
1011 3285 1162 3356 nobilibus)
1180 3287 1207 3342 A
1262 3289 1277 3340 'i
1297 3283 1370 3340 aliri-

226 3389 296 3430 cano
320 3375 410 3431 1301).
436 3377 589 3447 aphricano
612 3377 670 3432 ΕΖ
757 3385 775 3434 8
799 3377 828 3434 C.
853 3378 888 3434 A.
914 3393 964 3434 om.
984 3377 1022 3434 D.
1048 3393 1112 3430 cum
1134 3377 1215 3432 ceteri
1303 3373 1370 3430 lelio

224 3463 361 3520 BODGZ
449 3465 548 3539 etiam]
568 3469 597 3522 ct
614 3467 696 3523 1301>
784 3468 878 3538 gratis
895 3484 947 3524 cm.
967 3467 1026 3524 OD.
1045 3463 1253 3536 pulchritudine
1270 3462 1299 3518 B

225 3553 426 3610 conciliabuli
489 3561 505 3610 9
525 3557 555 3613 et
572 3557 608 3626 (i.
627 3573 648 3614 a
668 3555 764 3625 eiiam)
781 3556 860 3626 Dtl).
879 3573 913 3611 cx
932 3556 960 3611 A
1020 3553 1126 3626 arguit]
1146 3554 1229 3612 docet
1245 3553 1274 3608 B
1337 3556 1370 3606 1⁰

225 3642 359 3698 maiorem
378 3645 461 3699 uatus
479 3645 534 3698 Aa.
553 3645 623 3698 natu
640 3643 774 3700 maiorem
788 3643 825 3702 F.
844 3645 979 3700 mucram
998 3659 1064 3700 nam
1083 3642 1114 3698 Ε
1183 3644 1213 3696 et
1231 3640 1317 3698 Fac.
1336 3656 1370 3694 ax

224 3731 261 3788 A.
279 3749 335 3792 cor.
349 3732 438 3789 BOD.
458 3733 596 3790 cornelius
610 3732 673 3789 ΕΖ.
692 3735 723 3788 et
740 3749 796 3790 cor.
810 3732 867 3801 Fb,
881 3733 914 3788 St
985 3733 1099 3802 equales
1113 3730 1196 3786 ΑΘΖ
1263 3735 1293 3784 11
1314 3731 1372 3784 isa-

225 3821 275 3878 dat
288 3824 324 3878 A.
343 3823 433 3878 tradit
451 3825 531 3878 ceteri
597 3823 639 3894 et]
660 3821 715 3878 eod
734 3822 760 3878 G
827 3822 941 3880 Porcius
955 3823 995 3880 St.
1014 3821 1123 3894 portius
1137 3820 1211 3888 libii,
1229 3819 1286 3876 uisi
1297 3819 1372 3888 quod

225 3911 318 3980 potius
337 3913 363 3967 0
448 3911 631 3982 suspitionem
655 3911 747 3970 ΑΕΖ.
772 3911 959 3982 suspicionem
978 3912 1013 3967 F.
1043 3909 1248 3981 suspectionem
1266 3907 1300 3966 G.
1318 3923 1369 3962 oen.

224 3999 305 4056 ΒΘΖ)
386 4001 438 4057 hec
457 3999 483 4058 G
564 4007 597 4056 12
617 4001 686 4057 iecit
703 4001 730 4056 G
808 4007 913 4072 13-p.
931 4007 994 4070 207,
1013 4007 1029 4056 3
1048 3999 1115 4054 Non
1132 3999 1201 4056 achis
1217 3998 1321 4067 [eliam
1338 3997 1370 4052 ia

223 4089 266 4144 bia
283 4091 458 4148 restituendis
471 4105 581 4159 wem
594 4089 718 4160 Soaiiper
731 4091 898 4160 mmampcit
907 4091 1055 4148 Animae.
1069 4090 1101 4146 in
1110 4087 1212 4144 nano.
1221 4104 1253 4157 p.
1268 4089 1321 4142 144
1330 4101 1369 4156 sq.

223 4179 263 4234 cd.
282 4179 341 4246 ait,
358 4180 536 4248 infeliciorem
549 4180 668 4236 Bottiaia
685 4180 718 4234 in
730 4178 828 4234 Beckii
842 4178 941 4234 Oomm.
960 4194 1012 4236 acc.
1024 4179 1094 4248 phil.
1109 4177 1186 4246 Lipa
1202 4177 1225 4230 I
1231 4192 1263 4244 p.
1276 4179 1311 4230 34
1320 4191 1369 4245 ap,

224 4267 440 4335 infelicissimam
463 4269 607 4324 Wolctiae
624 4268 741 4324 Εηιωιά.
759 4267 872 4324 Licinn
889 4283 920 4337 p.
940 4271 993 4322 143
1006 4283 1061 4336 app.
1097 4265 1156 4320 Noc
1173 4265 1289 4322 mlum
1302 4281 1368 4333 pro

222 4357 288 4424 sccii
305 4357 425 4414 salsus
479 4364 512 4412 13
530 4357 637 4414 lasciua
654 4358 690 4414 A.
709 4357 840 4413 lasciuiae
856 4356 939 4411 1301)
992 4354 1089 4410 laudes
1107 4353 1216 4410 bicoaas
1234 4354 1270 4422 A,
1296 4353 1368 4410 Wol-

222 4447 283 4513 βω.
307 4447 416 4504 fucosae
429 4447 527 4502 laudes
543 4445 659 4502 Bono.
677 4447 801 4502 iuscosas
819 4447 917 4501 laudes
935 4445 999 4514 EZ,
1017 4446 1107 4510 eiiam,
1125 4443 1182 4500 nisi
1199 4445 1272 4514 quod
1285 4445 1369 4514 puteo

222 4538 285 4592 sia
302 4535 426 4592 iuncosus
444 4535 502 4590 eod.
522 4551 595 4592 maa.
614 4535 674 4604 det,
693 4534 724 4586 F
