3288 5100
599 391 676 438 srva
701 393 948 440 snuoouanvu
973 393 1076 440 araur.
1344 379 1409 443 549

265 530 441 596 undecimo.
485 531 579 599 Nunc
611 539 718 598 autem
754 537 807 619 qui
840 537 928 601 volet
961 559 1019 620 pro
1049 558 1083 600 se
1115 537 1184 621 ipse
1217 537 1410 622 experiatur,

264 660 340 702 num
360 661 455 724 quarn
474 641 676 728 probabilem
696 643 857 706 rationem
877 643 1140 708 comminiscetur
1163 667 1226 728 qua
1246 648 1278 707 et
1297 648 1408 728 poetas

264 747 403 810 secundo
432 748 592 832 tertioque
620 749 719 826 libro,
747 754 779 812 et
807 749 929 814 decimo
952 750 1185 835 undecimoque
1214 750 1408 814 architectos

264 851 398 936 tribuat,
421 875 481 918 nec
504 857 613 918 tamen
637 855 671 919 in
690 856 823 939 reliquis
847 856 1017 941 generibus
1037 857 1148 941 aliquo
1168 857 1262 921 modo
1287 857 1407 940 disper-

263 957 383 1023 tiendis
416 964 474 1024 aut
505 962 644 1024 maxime
678 965 818 1046 cognata
855 963 987 1026 dirimat
1019 968 1075 1027 aut
1107 961 1238 1046 copulet
1269 962 1408 1027 maxime

263 1063 413 1148 disparia.
447 1066 547 1130 Velut
566 1067 637 1151 quis
662 1061 785 1131 feratu
808 1068 988 1132 civitatium
1009 1069 1282 1152 gubernatoribus
1302 1067 1407 1152 dispa-

262 1174 351 1235 ratos
384 1173 461 1237 belli
494 1174 589 1238 duces
622 1174 822 1258 interpositis
856 1175 1057 1238 artificibus?
1090 1174 1142 1238 vel
1175 1196 1194 1237 a
1226 1175 1342 1238 litteris
1376 1178 1408 1238 et

262 1277 442 1363 disciplinis
466 1281 548 1346 miro
572 1281 752 1346 intervallo.
769 1284 930 1348 seiunctas
957 1281 1065 1346 artes?
1096 1281 1145 1345 rel
1174 1281 1320 1364 privatae
1343 1283 1406 1345 vir·

164 1399 167 1404 ’
261 1386 322 1448 tuti
347 1389 564 1472 postpositam
588 1388 717 1452 laudem
741 1389 925 1472 publicam?
949 1389 998 1454 uel
1020 1386 1167 1452 miscella
1185 1389 1405 1471 exemplorum

262 1492 418 1555 varietate
446 1494 627 1577 intercepta
656 1494 751 1558 unius
783 1495 1003 1578 praestantiae
1036 1493 1140 1557 solida
1170 1494 1278 1576 capita
1309 1497 1405 1578 atque

261 1597 466 1680 aequabilia?
498 1599 623 1664 Horum
643 1605 751 1665 autem
776 1605 809 1664 et
827 1601 982 1664 similium
1007 1599 1283 1664 incommodorum
1306 1597 1404 1665 nullis

260 1703 418 1768 machinis
447 1705 566 1770 efficies
595 1707 671 1790 quin
701 1707 810 1790 aliquo
838 1706 965 1770 laboret
996 1726 1230 1790 quemcumque
1258 1706 1404 1770 ordinem

259 1808 370 1873 inieris
399 1814 560 1875 certarum
589 1811 742 1875 classium
774 1813 822 1876 ita
851 1811 1149 1876 constituendarum
1182 1815 1220 1876 ut
1248 1834 1267 1875 a
1298 1813 1404 1895 poetis

258 1915 316 1978 fiat
339 1915 478 1981 initium.
515 1916 691 1982 Possumus
704 1913 776 1983 ¹hoc
796 1919 987 2004 singillatim
1011 1918 1163 2002 persequi
1182 1923 1215 1982 et
1237 1921 1274 1982 ut
1293 1919 1403 2002 opina-

258 2043 332 2085 mur
355 2022 395 2086 ad
419 2025 661 2107 persuasionem
690 2047 823 2108 prorsus
848 2025 1008 2110 apposite:
1036 2025 1101 2088 nisi
1125 2025 1254 2089 molesti
1278 2046 1347 2088 esse
1371 2025 1404 2088 in

258 2149 295 2192 eo
320 2149 436 2214 genere
460 2131 616 2215 nolimus,
641 2132 726 2216 quod
749 2131 845 2196 facile
865 2133 1082 2226 unusquisque
1102 2135 1217 2214 suapte
1241 2131 1403 2215 experien-

257 2233 304 2298 tia
327 2237 506 2300 emetiatur.

346 2339 559 2416 Quantumvis
594 2347 700 2407 autern
734 2342 908 2406 verendum
941 2343 984 2405 sit
1016 2362 1057 2404 ne
1090 2341 1171 2404 scire
1204 2341 1286 2405 velle
1321 2364 1403 2426 quae

258 2447 333 2510 sciri
351 2453 514 2532 nequeant
533 2449 726 2533 quibusdam
746 2449 912 2512 videamur
931 2451 964 2512 et
982 2446 1121 2511 aeternis
1140 2446 1282 2510 tenebris
1299 2448 1402 2510 oecul-

257 2555 328 2616 tata
356 2554 548 2618 mortalibus
582 2554 723 2637 superba
755 2554 937 2618 temeritate
969 2553 1048 2616 velle
1081 2553 1258 2635 recludere,
1292 2557 1402 2617 tamen

256 2657 317 2722 hoc
342 2659 474 2723 minime
497 2681 557 2724 nos
581 2663 690 2724 movet
712 2661 885 2744 quominus
906 2663 994 2724 certa
1017 2663 1124 2723 certae
1143 2659 1401 2724 ratiocinationis

256 2764 310 2827 via
339 2763 380 2828 ad
407 2787 516 2829 veram
547 2767 687 2850 speciem
718 2767 940 2850 dispositionis
969 2765 1192 2830 Varronianae
1220 2769 1271 2829 sat
1301 2788 1401 2849 prope

255 2892 351 2954 posse
380 2872 488 2936 accedi
516 2872 747 2937 existimemus.
784 2871 869 2938 Nam
899 2895 970 2937 cum
996 2894 1092 2956 saepe
1116 2870 1242 2936 accidet
1268 2877 1317 2953 ut,
1345 2871 1400 2936 ubi

255 2978 519 3042 testimoniorum
551 2978 585 3043 vi
617 2978 845 3061 destituamur,
882 2980 952 3043 sola
987 3001 1044 3062 per
1077 3001 1110 3042 se
1143 2998 1222 3042 sana
1253 2977 1337 3041 ratio
1370 2980 1403 3040 et

255 3084 358 3169 ipsius
378 3086 425 3150 rei
445 3086 605 3152 evidentia
623 3088 675 3152 vel
695 3086 829 3152 suadeat
847 3087 897 3151 vel
917 3086 1028 3151 iubeat
1050 3085 1125 3170 quid
1146 3085 1189 3148 sit
1207 3084 1402 3167 amplecten-

255 3193 346 3275 dum,
374 3195 443 3255 tum
471 3192 552 3256 haec
581 3191 726 3277 profecto
751 3213 865 3256 caussa
892 3192 938 3255 ita
961 3193 1151 3275 comparata
1174 3194 1224 3254 est
1252 3193 1300 3272 ut,
1329 3211 1401 3254 cum

255 3299 360 3382 prima
384 3299 489 3383 specie
512 3299 608 3384 louge
632 3298 792 3382 plurimae
816 3295 1018 3362 coniectandi
1043 3295 1112 3360 riae
1136 3301 1247 3380 patere
1270 3296 1400 3360 videau-

254 3408 321 3486 tur,
344 3409 454 3467 tamen
478 3405 649 3488 diligenter
672 3404 838 3488 perpensis
863 3403 1000 3488 siugulis
1021 3425 1085 3466 una
1105 3403 1176 3466 sola
1198 3403 1399 3487 relinquatur

254 3510 357 3574 libera
385 3533 404 3572 a
431 3510 690 3574 dubitationibus
722 3511 880 3574 omnibus.
919 3507 995 3574 Sola
1022 3510 1221 3574 divinatione
1243 3507 1398 3573 utendum

254 3621 339 3680 esset
367 3637 467 3700 eaque
500 3615 622 3700 inutili,
655 3617 683 3680 si
716 3617 754 3680 de
784 3617 902 3702 viginti
931 3617 1092 3699 capitibus
1125 3615 1270 3699 quaestio
1305 3617 1399 3698 esset,

253 3721 369 3806 quibus
398 3721 525 3804 generis
557 3721 691 3785 humani
723 3721 851 3786 laudern
880 3743 1007 3785 omnem
1035 3719 1139 3785 Varro
1172 3721 1398 3784 conclusisset:

253 3833 366 3894 contra
394 3827 680 3918 demonstrationis
708 3827 922 3912 probabilitas
951 3827 985 3890 in
1014 3831 1167 3911 promptu
1191 3830 1254 3909 est,
1281 3826 1335 3890 ubi
1365 3825 1398 3889 id

253 3937 361 4021 agitur
384 3939 507 3998 utnon
537 3933 646 4019 plures
675 3957 771 4020 quarn
796 3937 919 4018 septem
942 3934 1062 3998 classes
1090 3932 1282 4016 principales
1311 3932 1398 3996 inda·

253 4046 371 4129 geritur
402 4042 504 4106 totius
536 4041 696 4106 humanae
730 4041 936 4106 excellentiae
969 4061 1111 4124 capaces
1157 4039 1269 4124 Neque
1303 4039 1398 4122 enim,

252 4149 402 4234 quamdiu
432 4169 494 4212 una
522 4147 696 4231 eademque
725 4150 775 4211 est
799 4151 916 4210 natura
943 4146 1125 4230 hominum,
1154 4167 1262 4210 rerum
1285 4144 1397 4208 huma·

251 4278 367 4322 narum
397 4255 447 4318 rel
474 4275 532 4336 per
560 4253 729 4318 decursum
757 4254 958 4318 saeculorum
986 4255 1080 4316 tanta
1107 4251 1245 4316 mutatio
1277 4252 1328 4334 fit,
1359 4255 1398 4314 ut

251 4385 317 4428 non
340 4384 466 4427 summa
490 4360 599 4444 capita
622 4363 775 4424 maneant
803 4359 924 4424 eadem.
961 4358 1050 4434 Quae
1079 4362 1185 4420 autern
1212 4357 1264 4420 vel
1293 4361 1397 4422 muta·

254 4469 335 4534 bilia
358 4471 433 4533 sunt
456 4467 506 4531 vel
530 4465 764 4533 dissensionem
787 4464 950 4530 iudicandi
970 4464 1158 4542 admittunt,
1181 4463 1221 4546 si,
1245 4463 1356 4546 qualia
1379 4485 1396 4528 e
