3302 5106
655 394 907 443 noorsronrcrs.
1290 377 1355 442 409
1385 377 1393 388 '

213 547 251 608 ut
273 543 441 607 mittamus
466 539 594 606 Sosium
617 539 762 624 Pappum
787 536 945 602 Hadriani
969 537 1050 621 Imp.
1069 537 1217 602 amicum.
1251 535 1357 602 Solia

213 651 412 734 reliquorum
429 647 658 724 ¹similitudine
691 644 845 710 recedunt
867 643 1010 708 Marius
1039 648 1072 709 et
1100 642 1236 709 Gallus
1261 642 1357 708 Fun·

213 756 350 821 danius
378 753 567 840 logistorici.
618 754 762 830 Quorum
790 751 870 816 illud
898 751 1080 834 exemplum
1108 756 1237 816 tantum
1265 751 1359 815 abest

214 867 251 927 ut
264 861 466 946 propositam
480 882 628 926 normam
643 859 828 943 labefactet,
846 863 882 923 ut
902 858 1069 924 confirmet
1086 858 1210 942 potius:
1230 857 1358 943 quando

213 971 312 1034 homo
335 991 440 1034 novus
463 969 501 1032 dc
524 968 618 1052 plebe
642 964 678 1030 O.
701 965 823 1031 Marius
847 965 980 1031 carebat
1003 966 1203 1050 cognomine.
1245 964 1359 1031 Gallus

215 1081 324 1142 autem
344 1075 529 1160 cognomini
549 1095 606 1138 cur
625 1072 827 1159 gentilicium
841 1071 947 1136 Varro
966 1071 1114 1156 iunxerit,
1137 1095 1203 1137 non
1227 1075 1277 1137 est
1299 1072 1359 1136 dif-

214 1183 298 1247 ficile
321 1182 361 1248 ad
386 1181 604 1246 divinandum.
651 1179 715 1244 Tot
743 1179 829 1244 eninr
857 1178 1004 1264 gentium
1027 1177 1248 1244 Romanarum
1271 1177 1359 1244 Galli

214 1291 345 1355 fuerumt
368 1295 401 1355 et
424 1311 462 1354 ex
485 1293 578 1373 perta
602 1287 775 1353 clarissimi
799 1286 865 1351 illis
889 1285 1103 1370 temporibus,
1125 1286 1215 1351 velut
1238 1286 1361 1370 Aeliae,

216 1396 375 1482 Aquiliae,
391 1396 533 1480 Asiniae,
547 1393 714 1479 Oaniniae,
728 1392 908 1477 Corneliae,
922 1391 1049 1476 Fadiae,
1064 1391 1200 1477 Plotiae,
1215 1391 1360 1477 Rosciae,

217 1502 354 1586 Sestias,
378 1507 414 1567 ut
438 1503 479 1568 ad
502 1502 648 1587 quemvis
671 1501 787 1566 horum
811 1501 934 1585 potina,
957 1521 1054 1584 quam
1078 1499 1118 1564 ad
1142 1500 1361 1566 obscuriorem

216 1609 357 1694 aliquem
377 1609 580 1673 Fundanium
604 1609 675 1672 visa
698 1611 784 1671 esset
806 1605 988 1690 logistorici
1012 1605 1182 1689 inscriptio
1206 1608 1362 1690 spectare,

215 1717 279 1782 nisi
295 1737 436 1782 errorem
451 1715 520 1799 ipsc
540 1715 682 1798 scriptor
700 1714 848 1778 cavisset.
882 1713 982 1796 quue
1001 1733 1074 1776 eum
1093 1711 1227 1776 honoris
1247 1733 1362 1778 caussa

216 1823 331 1888 fecisse
355 1843 392 1886 eo
417 1843 487 1886 esse
510 1820 696 1885 credibilius
720 1823 886 1903 putamus,
920 1841 982 1904 quo
1009 1819 1211 1902 probabilius
1234 1819 1364 1885 Funde

215 1931 304 1994 nium
335 1928 430 1992 illum
463 1927 609 1992 videmur
640 1949 713 1992 cum
742 1924 935 1990 Schneidcro
967 1925 1006 1989 de
1035 1924 1128 1990 Varr.
1153 1925 1220 1990 vita
1243 1930 1277 1990 et
1304 1949 1365 1992 scr.

216 2059 247 2119 p.
271 2035 334 2099 217
356 2057 403 2118 sq.
435 2034 538 2119 ipsius
572 2053 718 2098 socerum
751 2030 907 2096 Varronis
940 2031 1162 2115 interpretari:
1200 2031 1239 2098 de
1272 2033 1363 2098 cuius

216 2141 408 2227 cognomine
435 2139 516 2205 nihil
546 2139 711 2224 proditum
739 2143 790 2204 cst
813 2138 998 2204 memoriae.
1045 2137 1129 2204 Huic
1152 2139 1269 2223 igitur,
1299 2139 1363 2204 nisi
1396 2166 1406 2174 ·

216 2247 374 2332 fallimur,
406 2247 585 2333 gratificari
613 2268 712 2332 gener
740 2245 857 2328 voluit,
889 2246 1009 2308 librum
1039 2245 1068 2307 ei
1096 2245 1275 2309 inscribens
1300 2268 1363 2329 quo

217 2355 315 2419 otiam
339 2354 501 2420 indoctior
524 2375 621 2418 senex
645 2357 679 2417 et
697 2351 738 2416 ab
758 2349 973 2414 humanitatis
993 2349 1109 2413 studiis
1128 2349 1268 2415 fortasse
1288 2352 1363 2416 alic·
1379 2375 1437 2414 vm

216 2462 289 2524 nior
311 2459 408 2524 facile
432 2459 659 2541 delectaretur,
688 2457 726 2520 de
755 2455 898 2520 mirabili
920 2458 1037 2519 natura
1061 2459 1265 2542 stagnorum,
1294 2458 1364 2523 fon·

219 2567 316 2649 tium,
348 2565 493 2629 locorum
499 2613 508 2648 ,
541 2564 742 2648 aliarumque
774 2585 882 2627 rerum
915 2562 1125 2629 admirandis:
1162 2563 1193 2628 id
1228 2564 1313 2650 quod
1347 2587 1364 2630 e

217 2670 411 2754 fragmentis
439 2674 526 2735 recte
555 2670 689 2754 collegit
711 2669 900 2734 Krahnerus
933 2667 972 2732 de
997 2667 1090 2735 Varr.
1124 2673 1225 2756 antiq,
1257 2694 1287 2757 p.
1314 2672 1364 2736 15.

219 2776 288 2842 Sibi
319 2780 429 2841 tamen
459 2779 496 2840 ut
525 2778 681 2860 quantum
711 2779 822 2859 posset
852 2779 1031 2865 constaret,
1062 2797 1127 2840 non
1158 2778 1365 2843 Fundaniam

219 2883 357 2960 Gallium,
376 2883 431 2946 scd
448 2881 578 2946 Gallum
591 2881 798 2947 Fundaniam
811 2882 918 2948 Varro
938 2881 1117 2965 inscripsit:
1138 2903 1233 2967 quem
1253 2907 1364 2949 verum

220 3013 290 3056 esse
318 2990 485 3055 nominum
515 2988 659 3055 ordinem
684 2989 734 3054 vel
763 2993 916 3074 corrupta
938 2987 1040 3052 Nonii
1063 2988 1252 3053 testimonia
1274 3011 1362 3056 mon·

219 3100 333 3164 strant.
378 3096 534 3161 Nostram
561 3099 669 3162 autem
699 3096 895 3162 sententiam
923 3095 979 3180 qui
1007 3099 1171 3180 sequetur,
1194 3116 1259 3160 non
1283 3119 1364 3181 opus

218 3204 354 3270 habebit
381 3203 420 3269 de
448 3203 573 3269 duobus
601 3204 800 3289 logistoricis
830 3203 987 3288 suspicari
1015 3203 1150 3267 duorum
1178 3203 1364 3268 nominibus

221 3309 387 3376 Gallorum
411 3309 592 3393 inscriptis:
615 3311 670 3396 qui
693 3313 730 3376 ut
753 3310 920 3376 commode
939 3311 1024 3374 inter
1043 3332 1076 3374 se
1095 3310 1363 3394 discernerentur,

220 3417 315 3482 facile
347 3417 510 3500 quispiam
533 3421 627 3499 putet
650 3418 732 3500 ipsis
762 3417 913 3502 ascriptis
941 3415 1188 3502 cognominibus
1217 3439 1365 3502 prospec-

219 3527 288 3586 tum
312 3543 392 3587 esse.

307 3625 369 3690 Vel
388 3626 450 3691 hoc
470 3627 616 3710 exemplo
636 3627 846 3713 intellegitur,
866 3629 975 3713 aliquo
990 3629 1117 3694 vinculo
1138 3637 1364 3715 argumentum

219 3734 374 3817 cuiusque
405 3733 586 3818 logistorici
615 3755 687 3797 cum
717 3733 866 3818 inscripti
894 3734 1036 3800 hominis
1064 3757 1217 3819 persona,
1250 3736 1366 3818 indole,

219 3841 364 3904 moribus
388 3841 525 3906 lactisre
549 3840 722 3906 contineri:
752 3841 838 3905 idem
862 3845 970 3907 autem
994 3865 1052 3926 per
1076 3841 1140 3907 alia
1163 3863 1290 3926 quoque
1314 3865 1364 3907 ex·

221 3948 329 4032 ampla
351 3949 501 4032 persequi
527 3947 646 4013 licebit
682 3947 728 4013 st
741 3949 846 4014 Marii
868 3950 996 4034 quidem
1020 3949 1151 4015 nominc
1175 3971 1271 4034 quam
1291 3955 1366 4034 apte

221 4056 258 4119 dc
279 4055 409 4135 sortem
431 4053 516 4118 liber
539 4054 582 4119 sit
604 4055 788 4140 inscriptus,
811 4077 862 4121 res
885 4056 958 4140 ipsa
972 4057 1125 4141 loquitur.
1162 4056 1366 4140 Quamquam
1387 4051 1390 4067 ’
1408 4069 1509 4146 ovat·

220 4161 353 4226 minime
383 4181 513 4225 necessa
542 4165 593 4224 est
623 4160 664 4225 ad
693 4161 801 4246 ipsum
831 4160 867 4228 0.
889 4161 1029 4227 Marium
1053 4163 1174 4246 septies
1199 4163 1364 4227 consulem
1507 4227 1509 4236 ,
1543 4140 1556 4195 ³*
1605 4154 1610 4167 ¹

220 4269 361 4352 scriptus
386 4267 438 4351 sit,
461 4266 495 4332 id
518 4267 602 4350 quod
627 4268 748 4350 apertis
772 4268 810 4332 de
833 4269 956 4333 caussis
980 4268 1060 4332 adeo
1081 4266 1235 4333 abhorret
1258 4271 1364 4335 avari

220 4371 445 4458 similitudine3
465 4395 505 4437 ne
520 4371 560 4436 ad
576 4371 679 4436 lilium
693 4373 821 4457 quidem
836 4375 924 4438 illius
938 4372 1033 4436 Marii
1049 4373 1205 4456 scriptum
1224 4375 1365 4441 credide·
1388 4396 1390 4407 ·

220 4481 292 4565 rim,
311 4481 367 4566 qui
385 4481 450 4546 iam
471 4503 499 4547 a.
514 4481 577 4546 671
597 4482 736 4544 mortem
752 4479 847 4566 obiit,
871 4481 926 4546 sed
941 4481 1120 4566 quicunque
1138 4481 1201 4547 fuit
1219 4503 1257 4546 ex
1277 4483 1364 4550 illius
