3288 5100
282 369 348 434 510
614 386 729 435 uanae
754 371 899 435 vaaao’e
923 387 1102 437 macurvrr

282 529 431 594 acumine
458 529 641 613 opponItur.
681 529 718 594 In
748 529 905 613 proximis
933 531 1042 602 autem
1071 529 1134 593 etsi
1164 531 1216 595 vel
1246 532 1293 596 sic
1320 533 1427 616 aligero

280 637 368 700 modo
392 636 491 701 verba
519 640 655 720 apparet
678 636 719 701 ad
746 636 928 701 inlustrium
955 635 1131 720 pertinere,
1159 657 1225 702 non
1248 638 1289 703 ad
1317 641 1428 723 lenogi-

280 741 372 808 nebns
395 764 458 827 quo
481 741 560 806 olim
584 742 682 807 solita
705 745 782 806 sunt
804 742 932 826 referri,
959 746 1071 807 tamen
1093 742 1238 810 insolens
1261 749 1426 833 ceteroqui

281 847 459 933 durumque
487 869 589 934 genus
617 846 743 914 dicendi
767 849 807 914 ad
831 848 1011 932 simplicem
1039 849 1232 935 planamque
1256 857 1427 920 consuetu-

281 953 389 1020 dinem
420 953 507 1019 haud
543 954 731 1020 dubitanter
763 955 810 1020 sic
842 977 1044 1020 revocamus:
1081 957 1205 1023 trrsertcs
1235 959 1427 1026 voluminum

280 1080 408 1126 sunum
446 1061 629 1142 fecunditati
667 1063 926 1146 scptnpemrnm
970 1063 1153 1128 inbutum
1193 1063 1298 1146 αῑὶφιο
1337 1069 1427 1134 nodo

280 1167 470 1232 bominum
491 1167 687 1251 inopinebus.
719 1167 904 1252 Postremo,
926 1167 959 1232 id
983 1169 1068 1252 quod
1090 1169 1188 1254 longe
1212 1172 1344 1256 gratim
1367 1180 1427 1258 est,

280 1274 364 1339 cletdi
399 1274 593 1340 vocabulum
629 1295 701 1338 oum
738 1295 799 1338 nec
834 1277 921 1339 recte
957 1273 1085 1339 defendi
1122 1297 1216 1358 posse
1248 1297 1307 1342 nee
1339 1285 1427 1345 recte

281 1380 486 1446 emendatum
511 1403 530 1445 a
558 1401 720 1465 quoquam
743 1400 814 1444 esse
841 1379 966 1464 pridem
993 1366 1267 1448 intellexissemus
1290 1383 1427 1469 ipseque

281 1488 313 1552 vi
341 1485 599 1552 ratiocinationis
627 1484 795 1550 Plinianae
823 1483 864 1549 ad
893 1487 1073 1552 sententiae
1106 1487 1235 1572 quidem
1267 1489 1344 1554 talis
1371 1511 1427 1555 ne-

281 1595 466 1660 cessitatem
494 1593 582 1658 ducti
610 1613 769 1658 essemus:
798 1596 834 1656 nt
855 1597 1031 1674 praesentes
1057 1613 1119 1659 esse
1144 1593 1254 1677 ndum
1279 1601 1320 1660 ut
1345 1599 1429 1688 dini

276 1705 412 1784 possem
444 1699 545 1765 verba
574 1701 647 1784 ipsa
675 1699 842 1782 scriptoris
873 1699 982 1784 paullo
1015 1702 1092 1782 post
1118 1699 1255 1766 vidimus
1288 1703 1426 1786 palmari

282 1805 508 1872 emendatione
541 1829 561 1871 e
591 1803 734 1870 Martino
762 1803 896 1870 Hertzio
927 1809 1131 1889 recuperata:
1163 1807 1273 1890 meque
1300 1829 1363 1875 een
1389 1811 1429 1875 di

275 1918 413 1996 possent,
436 1912 471 1976 in
494 1910 654 1976 Gerhardi
675 1909 796 1975 Diariis
821 1910 1074 1996 arohaeologicis
1098 1911 1161 1977 vol.
1184 1911 1265 1978 VIII
1296 1937 1326 1999 p.
1350 1916 1428 1981 144.

282 2015 381 2082 Ouius
401 2015 636 2082 emendationis
655 2019 722 2080 tam
742 2016 917 2083 manifesta
934 2017 1056 2082 veritae
1075 2022 1126 2083 est
1143 2023 1189 2102 ut,
1213 2021 1267 2104 qui
1286 2027 1427 2106 spernat,

282 2123 323 2188 ed
342 2123 487 2188 orttioam
507 2121 721 2187 factitandum
739 2123 862 2188 facturn
882 2145 951 2189 esse
971 2145 1134 2210 negemus.
1163 2121 1285 2202 Quodsi
1304 2127 1429 2210 sprevit

282 2228 443 2315 Silligim,
474 2251 539 2293 non
567 2229 689 2294 valebIt
720 2227 782 2294 hoo
809 2233 936 2294 contra:
969 2231 1024 2314 qui
1057 2232 1201 2316 quidem,
1233 2236 1270 2296 ut
1297 2237 1429 2298 utamur

282 2336 428 2420 exemplo
457 2357 521 2400 uno
546 2335 711 2414 smaltis,
745 2335 844 2400 etiam
866 2336 922 2402 lib.
940 2335 1065 2422 XXVI,
1097 2341 1117 2417 ξ
1144 2338 1185 2403 14
1207 2340 1276 2402 tam
1299 2339 1427 2423 patiens

281 2441 380 2508 fuerit
402 2441 681 2525 ineptissimarum
704 2443 791 2524 opud
805 2443 926 2524 penem
950 2443 1133 2528 verbenam,
1161 2447 1198 2510 ut
1223 2446 1426 2529 proposItam

281 2548 315 2612 in
338 2548 570 2613 commentario
594 2547 632 2612 de
646 2546 804 2612 Varronis
819 2545 1073 2632 Disciplinarum
1092 2549 1186 2614 libris
1209 2572 1239 2634 p.
1251 2550 1294 2616 52
1314 2553 1427 2636 [supra

281 2677 311 2738 p.
334 2653 414 2734 399]
439 2654 673 2736 coniecturam,
710 2675 775 2738 qua
810 2654 901 2720 illinc
933 2654 1171 2736 ἀποψυχριετήε
1203 2657 1254 2721 vel
1286 2657 1427 2723 fortasse

280 2759 468 2841 decubaret
505 2781 686 2846 cognomen
722 2759 923 2844 Asclepiadis
960 2761 1076 2826 medici
1114 2761 1325 2847 eruebamus,
1361 2785 1427 2830 non

281 2867 376 2933 modo
400 2871 629 2952 contemneret,
653 2867 708 2932 sed
727 2889 769 2932 ne
787 2870 1056 2933 commemoraret
1078 2867 1215 2952 quidem.
1261 2867 1323 2935 Sed
1345 2869 1426 2934 haec

281 2975 316 3040 in
338 2978 527 3040 transcursu
550 2977 687 3040 tantum.

370 3081 482 3166 Ipsum
514 3079 763 3148 Hebdomadum
799 3101 918 3145 nomen
954 3102 1049 3146 nemo
1081 3101 1228 3166 unquam
1264 3083 1428 3149 dubitavIt

282 3187 362 3271 quin
384 3187 420 3252 hi
443 3187 517 3252 libri
541 3187 616 3254 inde
638 3188 811 3270 traxerint,
840 3185 925 3272 quod
949 3186 1133 3253 inlustrium
1156 3187 1325 3254 hominum
1347 3190 1426 3254 ima·

282 3293 374 3378 gines
397 3314 462 3359 non
484 3293 667 3377 promiscue
691 3296 923 3378 proponerent,
953 3291 1010 3357 sed
1037 3315 1096 3377 per
1118 3294 1227 3378 capita
1250 3295 1425 3380 disposItas

281 3421 363 3484 quae
387 3403 538 3484 septenas
561 3401 722 3486 imagines
741 3400 1041 3484 complecterentur.
1073 3399 1175 3485 Atqui
1199 3401 1425 3486 septingentae

281 3507 439 3592 imagines
458 3507 511 3572 vel
530 3511 659 3572 eentum
678 3505 896 3572 hebdomades
915 3505 1098 3591 quindecim
1117 3507 1210 3572 libris
1224 3529 1298 3573 cum
1317 3507 1427 3592 aliqua

281 3613 514 3699 aequabilitate
536 3613 701 3697 dispertiri
723 3617 895 3699 nequeunt.
935 3611 1026 3699 Ergo
1053 3613 1194 3698 primum
1222 3619 1352 3698 praesto
1376 3619 1427 3680 est

281 3721 365 3786 liber
395 3720 599 3798 εἰεαγωγικὸε
627 3719 743 3786 ceteris
771 3719 865 3785 libris
897 3719 1156 3803 quattuordecim
1188 3719 1261 3802 pari
1289 3720 1425 3786 consilio

281 3827 494 3911 praemissus,
518 3849 582 3910 quo
606 3829 807 3910 compertum
829 3826 986 3890 habemus
1010 3829 1044 3890 et
1067 3824 1188 3890 Rerum
1211 3825 1426 3892 humanarum

282 3937 316 3997 et
337 3933 458 3998 Rerum
482 3931 664 3998 divinarum
688 3935 721 3996 et
743 3931 782 3996 de
807 3931 922 4017 lingua
944 3931 1050 3996 latina
1072 3931 1292 3997 voluminibus
1316 3933 1425 4018 singu-

283 4040 331 4104 los
363 4038 464 4104 libros
498 4037 680 4104 Varronem
713 4037 936 4122 praemisisse,
973 4038 1090 4123 quibus
1124 4037 1354 4104 ‘communiter
1386 4037 1426 4103 de

282 4143 447 4212 omnibus'
472 4149 591 4232 ageret
633 4145 661 4210 n
687 4165 749 4228 quo
782 4144 950 4229 prooemio
983 4144 1048 4210 iam
1081 4145 1115 4209 in
1139 4144 1245 4211 Musei
1267 4144 1378 4228 philol.
1402 4145 1423 4210 l.

282 4275 305 4317 s.
325 4275 349 4317 s.
373 4273 412 4318 ea
434 4252 670 4338 repetebamus,
692 4272 774 4335 quae
797 4251 836 4315 de
860 4249 1052 4335 ‘septenarii
1070 4251 1197 4316 numeri
1215 4252 1248 4316 ri
1271 4255 1305 4316 et
1327 4249 1426 4317 lacul-

281 4363 349 4424 tate
372 4359 407 4422 in
425 4359 536 4424 multis
555 4361 690 4424 naturae
711 4357 808 4422 rebus
828 4357 1069 4424 animadversa'
1092 4359 1213 4443 partim
1236 4355 1427 4422 ‘admodum

282 4463 489 4548 conquisite',
512 4465 630 4549 partim
655 4463 907 4550 ‘frigidiusoule'
931 4465 1098 4549 disputata
1121 4487 1159 4530 ex
1178 4464 1304 4549 primo
1323 4464 1427 4528 libro
