3302 5106
600 365 876 416 mscrrarulsvu
900 365 1021 414 marus.
1316 350 1381 414 379

230 510 415 604 'disciplinis
434 510 500 576 illis
520 509 728 576 enucleandis
748 509 949 574 elaboratum
965 531 1044 592 esse,
1062 509 1096 574 in
1116 509 1382 594 arithmetica,

235 619 485 702 geometrica,
509 617 667 700 musica,
691 615 961 702 grammatica,
984 615 1191 682 rhetorica
1225 617 1382 693 Quocirca

240 724 307 790 iam
329 723 532 810 Augustinus
555 721 590 809 (5
616 722 648 809 1)
680 723 714 788 in
737 723 888 788 omnibus
911 743 1047 807 regnare
1070 745 1221 788 numeros
1245 723 1381 790 dixerat

236 829 324 907 Quae
354 831 557 916 singularum
589 831 709 896 artium
734 833 847 896 mutua
874 830 960 894 inter
987 852 1021 894 se
1050 830 1203 915 cognatio
1226 831 1261 895 in
1283 853 1381 896 unam

234 938 442 1021 potissimum
471 941 598 1022 partem
629 937 741 1002 valuit.
786 936 873 1002 Nam
904 958 975 1002 cum
1006 957 1023 1002 e
1053 937 1294 1004 mathematicis
1324 961 1381 1004 nu-

234 1043 330 1114 meris
364 1066 539 1128 suspensae
569 1044 636 1108 sint
667 1044 811 1108 rationes
839 1043 994 1126 musicae,
1026 1065 1065 1108 ex
1094 1043 1146 1108 his
1175 1049 1284 1110 autem
1313 1046 1382 1129 apti

234 1151 358 1216 numeri
388 1155 556 1235 poetarum
580 1151 777 1218 carminibus
801 1149 956 1232 adhibiti,
985 1171 1114 1214 rursum
1137 1156 1245 1218 autem
1268 1151 1304 1216 hi
1326 1174 1383 1216 nu·

235 1259 314 1324 meri
345 1281 417 1324 cum
446 1258 555 1344 aliquo
583 1261 840 1343 temperamento
868 1257 908 1322 ad
937 1257 1118 1324 orationem
1146 1259 1293 1326 versibus
1316 1281 1382 1325 non

235 1365 404 1432 astrictam
432 1366 597 1430 translati:
631 1365 838 1450 consequitur
866 1351 1080 1448 camertem,
1107 1365 1158 1430 cui
1181 1387 1300 1431 nomen
1323 1367 1382 1432 im·

235 1472 379 1556 positum
409 1471 608 1554 metricae,
636 1474 724 1536 certo
754 1469 920 1536 societatis
948 1470 1076 1536 vinculo
1106 1475 1235 1538 etcum
1259 1473 1382 1540 musica

235 1583 268 1642 et
300 1601 372 1644 cum
405 1578 620 1664 grammatica
652 1581 685 1641 et
716 1599 790 1642 cum
816 1575 979 1642 rhetorica
1005 1577 1173 1642 contineri.
1219 1579 1320 1644 Velut
1348 1581 1382 1644 in

236 1684 440 1749 arithmetica
463 1685 552 1750 locus
576 1683 640 1748 fuit
661 1683 804 1748 numeris
826 1683 967 1748 hansolio
984 1685 1017 1746 et
1035 1685 1156 1764 epitrito
1175 1686 1382 1770 explicandis,

235 1791 274 1856 de
298 1777 414 1876 ciuibus
438 1792 562 1856 Gellius
586 1788 707 1872 XVIII,
734 1790 774 1854 14
798 1787 952 1853 disseruit
974 1789 1080 1873 ipsum
1103 1787 1243 1854 fortasse
1262 1778 1381 1857 Varro-

235 1919 309 1962 nem
337 1899 527 1984 respiciens:
559 1901 794 1963 commemorat
821 1896 907 1960 enim
935 1918 990 1961 eos
1013 1897 1068 1978 pai
1089 1898 1130 1961 de
1151 1900 1316 1964 numeris
1339 1899 1382 1964 lo-

236 2006 299 2070 tias
324 2007 525 2087 scripserant,
558 2007 590 2068 et
618 2003 801 2088 insequenti
830 2004 936 2088 capite
965 2003 1031 2070 alia
1054 2026 1071 2067 e
1094 2002 1254 2070 Varronis
1277 2003 1381 2071 Disci-

237 2111 399 2194 plinarum
423 2111 516 2176 libris
539 2110 675 2176 metrica
698 2110 868 2194 expromit.
904 2109 1032 2176 Rursus
1055 2117 1164 2178 autem
1183 2113 1381 2197 geometriae

236 2239 309 2284 oum
333 2217 539 2282 arithmetica
561 2216 713 2300 affinitas,
737 2215 776 2280 de
800 2239 863 2301 qua
882 2217 1003 2282 multus
1022 2221 1072 2282 est
1085 2215 1270 2284 Marcianus
1284 2218 1332 2284 VI
1350 2242 1381 2303 p.

236 2325 299 2390 227
316 2346 372 2408 sq7
396 2323 511 2407 effecit,
530 2326 567 2386 ut
585 2323 685 2386 etiam
706 2343 779 2386 cum
798 2322 1049 2406 geometricis
1064 2327 1097 2386 et
1111 2323 1253 2390 musicae
1268 2329 1301 2390 ct
1316 2347 1381 2390 me·

235 2431 335 2496 tricae
362 2430 507 2496 rationes
537 2431 811 2512 compararentur.
856 2427 894 2492 Id
917 2427 1108 2512 planissime
1139 2430 1340 2516 intellegitur
1363 2454 1380 2498 e

236 2537 328 2603 valde
347 2535 553 2604 memorabili
568 2534 665 2600 Gellii
686 2535 790 2618 capite
807 2536 848 2601 18
867 2535 943 2602 libri
960 2535 1049 2620 XVI,
1070 2537 1126 2603 uhi
1138 2559 1218 2620 pars
1230 2541 1381 2622 qrrocdan

236 2645 285 2710 ait
303 2645 500 2728 pomaetriooc
523 2637 640 2726 ὀπτικὴ
660 2642 843 2724 appellatur,
866 2663 944 2725 quac
961 2645 1004 2708 ad
1020 2645 1122 2710 oculos
1133 2647 1284 2728 pertinet:
1301 2667 1382 2730 pars

235 2752 341 2830 altera,
363 2771 442 2834 quoa
464 2752 508 2816 ad
528 2752 626 2835 auras,
648 2744 809 2833 κανονικὴ
833 2754 971 2830 vocatur,
993 2771 1057 2832 quo
1079 2753 1189 2818 mustei
1210 2758 1246 2840 ut
1265 2753 1380 2833 funda-

236 2861 335 2924 mmto
363 2859 443 2924 artts
469 2877 544 2924 suae
570 2861 710 2920 utuntur.
737 2861 867 2938 utroque
893 2856 1006 2922 horum
1027 2859 1138 2940 spata'rs
1160 2862 1189 2922 ct
1210 2859 1381 2926 intervallis

235 2965 389 3030 limorum
410 2968 439 3028 et
460 2965 579 3028 rationo
596 2983 795 3028 aammomm
812 2967 938 3028 constat.
974 2962 1020 3028 Et
1037 2964 1231 3048 interposita
1250 2965 1379 3048 ὀπτικὴ(

237 3071 452 3154 descriptione
473 3071 519 3136 sic
537 3070 661 3156 pergit:
675 3064 836 3153 κανονικὴ
856 3073 958 3135 aalma
977 3071 1228 3162 Immitudiacset
1243 3075 1380 3140 altitudi-

234 3199 288 3244 aes
309 3179 389 3244 vocis
411 3179 558 3242 sanctitur.
582 3178 701 3262 lorapior
723 3197 868 3244 massera
889 3179 969 3243 vocis
992 3174 1123 3262 ῥυθμὸς
1143 3180 1265 3260 dicitur,
1287 3181 1381 3248 altam

235 3284 342 3369 μέλος.
360 3290 404 3350 est
420 3289 449 3350 cl
460 3285 527 3350 alm
539 3283 687 3372 spem'cs*)
701 3305 779 3368 qum
792 3285 965 3367 appeltam
979 3282 1125 3371 μετρική,
1141 3308 1201 3370 per
1213 3307 1307 3370 mmm
1320 3289 1379 3371 syl·

236 3393 381 3458 laborum
404 3392 566 3475 troporum
587 3396 617 3456 at
638 3391 774 3458 breciam
795 3397 825 3456 ct
845 3393 1044 3458 mediocrium
1065 3393 1211 3458 immotam
1228 3399 1257 3459 el
1274 3395 1381 3462 modm
1393 3413 1419 3453 ⁸1

234 3519 402 3581 cmpracras
419 3519 488 3562 mm
500 3497 669 3580 principiis
678 3500 860 3580 peroratam
873 3501 1000 3564 aurium
1013 3521 1159 3566 mensuro
1170 3501 1379 3568 examinatur.

235 3603 326 3670 Haec
349 3608 457 3670 autem
480 3604 590 3670 omnia
611 3626 649 3668 ex
667 3604 814 3670 Varrone
834 3610 965 3689 sumpta
983 3627 1053 3672 esse
1072 3607 1112 3672 iis
1131 3607 1280 3692 arguitur
1298 3629 1379 3691 quae

236 3711 302 3776 illis
325 3709 450 3776 Gellius
474 3711 656 3778 continuat:
679 3711 732 3778 sed
751 3710 832 3794 hacc,
854 3713 957 3794 inquit
972 3713 1021 3778 M.
1046 3713 1154 3797 Varro,
1176 3717 1233 3778 out
1254 3715 1379 3780 omnino

235 3839 297 3883 noa
323 3819 484 3899 discimus
515 3825 572 3886 aut
591 3821 685 3906 pm'm
711 3820 886 3886 damatam
907 3841 1001 3904 quom
1022 3821 1233 3904 intellegamus
1255 3841 1311 3886 cur
1332 3823 1379 3888 di-

305 4031 330 4102 *)
350 4035 497 4098 κανονικήε
514 4031 599 4102 vulgo
619 4033 746 4088 additum
765 4033 845 4089 abest
863 4033 898 4088 ab
915 4032 1022 4104 optimo
1036 4033 1132 4090 codice
1146 4033 1194 4104 qui
1209 4015 1377 4104 est⁸ltegius‚

235 4121 310 4174 reete
335 4122 428 4174 autem
452 4119 622 4188 cogitatione
645 4122 770 4176 additur:
795 4121 897 4177 dicItur
916 4122 990 4177 enim
1009 4121 1126 4178 metrica
1143 4121 1229 4178 tertia
1246 4122 1377 4177 accedere

234 4207 411 4277 rhythmicae
435 4209 464 4261 et
487 4207 513 4262 ei
536 4207 590 4261 arti
613 4227 684 4278 quae
704 4212 740 4266 ad
759 4213 839 4277 acro<
858 4211 1002 4282 spectati.
1022 4229 1046 4268 e.
1065 4211 1251 4265 harmonicae.
1278 4227 1377 4280 pemac-

234 4297 305 4350 tm'oe
327 4295 475 4350 addiderat
494 4295 663 4366 Stephanus:
687 4299 732 4353 eui
754 4299 847 4354 fraudi
869 4301 962 4355 luerat
979 4315 1110 4369 perversa
1127 4297 1157 4352 in
1174 4297 1258 4353 titulo
1277 4299 1378 4370 capitis

234 4385 362 4454 partitio:
388 4387 421 4440 da
439 4390 522 4454 porte
542 4389 701 4454 pcoamtrioc
718 4405 787 4456 quoe
805 4383 906 4458 ὀπτικὴ
926 4387 1092 4458 appellatur,
1110 4391 1135 4456 ct
1153 4388 1215 4443 item
1233 4389 1292 4444 olio
1308 4405 1378 4459 quaa

234 4470 380 4546 aovovum',
399 4479 424 4530 at
442 4476 524 4532 tortio
541 4475 635 4532 itidem
651 4493 721 4547 quac
739 4479 842 4534 diuitem
861 4473 985 4548 μετρική.
