3104 5110
449 339 491 385 nu
516 339 777 388 nnrnnuscssu
801 340 976 388 annosas.
1220 323 1283 388 837

227 483 301 565 lpse
325 482 405 546 facit
421 481 572 556 madidos
596 485 629 546 et
652 481 808 568 grandine
831 485 982 548 uerberat
1005 506 1111 570 agros.

227 588 307 653 Inde
331 611 466 673 sequens
490 589 609 672 Aquilo
632 589 738 653 dictus
762 590 929 676 consurgit
952 590 993 654 ab
1017 591 1097 676 alto,

17 687 19 706 ³
128 714 169 762 20
228 695 350 760 Nubila
373 696 573 778 concutiens,
597 695 653 760 sed
676 695 780 760 rarior
803 695 924 761 onitin
948 697 1077 763 imbres.

227 801 378 886 Frigidus
401 801 531 886 ignotas
554 801 685 866 Rhenus
708 806 879 886 exasperat
902 803 1017 888 undas,

227 909 273 974 Et
295 931 398 993 nuper
419 907 576 992 liquidam
599 909 737 992 glaciem
761 908 840 973 facit
862 931 933 975 esse
957 911 1146 996 procellam,

227 1016 423 1099 Perpetuum
446 1017 589 1078 montem
613 1014 679 1078 iam
702 1014 742 1078 de
765 1037 799 1078 se
822 1015 1063 1100 parturienteffl.

227 1121 368 1188 Additur
391 1121 505 1186 Aeolio
529 1124 597 1184 tam
620 1142 740 1208 magna
762 1121 911 1205 potentia
934 1127 1093 1188 monstro:

129 1249 169 1296 25
226 1229 331 1294 Hoste
355 1230 414 1294 sub
437 1228 499 1294 hoc
522 1228 626 1294 nudas
649 1228 771 1314 refugit
793 1251 852 1294 sua
875 1229 981 1314 gloria
1004 1229 1118 1308 siluas,

227 1335 503 1421 Conqueriturque
526 1335 657 1400 breuem
681 1335 777 1400 tellus
801 1335 957 1400 exhausta
979 1335 1135 1402 decorem.

227 1443 344 1510 Omnia
365 1442 529 1508 uincentes
552 1441 609 1506 isti
633 1445 699 1508 tres
723 1441 935 1508 conlaterales

226 1549 400 1634 Suspirant
423 1548 555 1614 tumidis
579 1547 744 1632 hyemalia
767 1551 914 1632 tempora
937 1550 1055 1616 buccis.

270 1726 465 1792 Secundus
490 1724 714 1792 Cardinalis
738 1725 979 1792 Suhsolanus

314 1834 516 1899 Laterales
540 1833 622 1898 eius
647 1831 862 1898 Vulturnus
887 1839 924 1898 et
947 1833 1081 1899 Eurus.

225 1975 270 2039 At
294 1973 494 2040 Subsolanus
518 1974 617 2040 rutilo
640 1975 715 2060 tibi,
738 1975 884 2059 Phoebe,
906 1976 1085 2060 propinqus

134 2100 171 2148 30
226 2082 363 2166 Peplum
387 2081 530 2146 ceruleae
553 2081 667 2166 tygoni
690 2081 791 2170 sicpat
814 2085 951 2146 amatae.

226 2187 312 2253 Huic
334 2188 422 2254 aliud
445 2171 671 2273 nomenquod
695 2187 812 2253 dicitur
835 2187 1054 2272 Aphelyoten.

224 2295 384 2360 Eructans
409 2294 551 2358 animam
575 2295 673 2378 parili
697 2295 916 2377 moderamine
941 2295 1088 2379 mixtam,

225 2401 293 2466 Nec
316 2401 479 2485 stringens
503 2400 648 2483 hebetat,
670 2401 773 2466 nimio
797 2422 857 2464 nec
880 2401 955 2485 igne
980 2405 1124 2486 uaporat.

226 2507 381 2572 Dextram
404 2507 598 2588 Vulturnus,
621 2507 749 2571 laeuam
773 2507 987 2572 circumtonat
1008 2507 1125 2592 Eurus.
1162 2592 1163 2596 Ἰ

134 2632 168 2679 35
224 2613 386 2698 Decoquit
408 2613 496 2680 ans
519 2613 618 2697 prior,
641 2613 694 2678 hio
717 2612 883 2678 humectat
905 2636 1028 2678 arenas.

223 2720 448 2818 Calchiasest
472 2719 595 2784 calidus
618 2720 749 2805 Pelopis
772 2720 903 2806 regione
927 2725 1069 2788 uocatus.

200 2899 358 2964 'Parcius
383 2895 603 2963 Oardinalis
628 2896 769 2972 Auster

245 3005 447 3071 Laterales
472 3004 554 3069 eius
573 3003 674 3069 Euro
695 3005 837 3070 Auster
856 3011 894 3070 ct
914 3029 930 3070 e
950 3007 1094 3072 Austro
1114 3005 1279 3072 Africus.

222 3148 344 3214 Verum
367 3170 426 3231 per
448 3169 563 3212 zonam
587 3147 748 3212 solaribus
771 3149 902 3233 ignibus
926 3153 1049 3234 ustam,

222 3257 293 3332 Qua
314 3255 430 3320 recolit
452 3255 562 3320 fuscus
585 3255 746 3320 feruentia
769 3256 883 3321 littora
905 3255 1052 3340 Maurus,

220 3363 340 3427 Auster
363 3363 404 3426 ab
428 3361 591 3444 antipodis
614 3360 730 3426 humili
755 3361 894 3427 statione
918 3361 1052 3426 remotis

137 3485 168 3532 40
221 3469 334 3534 Mitior
357 3469 392 3532 in
413 3468 563 3554 patriam,
586 3490 683 3553 quam
706 3470 759 3534 lex
782 3469 880 3552 iubet,
904 3469 1012 3534 euolat
1034 3470 1140 3534 istam.

220 3575 368 3660 Namque
393 3575 481 3639 sinus
505 3571 650 3660 gelidum
673 3575 803 3658 pariens
827 3575 1024 3640 antarcticus
1048 3576 1140 3640 illum

221 3682 323 3746 Aestu
347 3681 467 3745 mutari
490 3680 746 3766 dedignaturque
769 3681 877 3765 relidi,

221 3787 307 3852 Dum
329 3791 483 3872 peragrat
506 3787 646 3854 mediam
670 3791 838 3872 terraeque
861 3788 993 3872 polique
1016 3791 1167 3873 plateam.

220 3895 315 3960 Hunc
337 3917 465 3980 quoque
488 3892 669 3958 Daedaleae
691 3893 802 3960 Noton
827 3917 1011 3982 expressere
1034 3894 1189 3961 Micenae.

139 4015 168 4064 45
221 4000 378 4086 Quicquid
401 4023 459 4066 uer
481 4001 595 4085 genuit
618 4001 755 4084 decoris,
779 4002 841 4066 sihi
866 4002 1027 4067 marcidus
1051 4001 1174 4086 haurit,

220 4107 412 4172 Interimens
435 4109 531 4172 flores
555 4110 588 4172 et
611 4107 809 4172 obumbrans
832 4109 917 4174 ruris
940 4108 1089 4174 honores.

220 4211 342 4277 Dextro
367 4215 420 4298 qui
445 4213 567 4278 famulo
591 4213 723 4278 desedat
745 4236 862 4279 nomen
887 4219 919 4281 et
941 4215 1029 4281 Euro

220 4319 265 4382 At
287 4319 372 4383 latus
396 4321 588 4388 sensiferum
612 4319 760 4404 quatiens
783 4321 905 4387 Austro
929 4321 1069 4388 Affricus
1093 4323 1191 4388 udum

219 4423 346 4490 Gaudet
369 4427 545 4512 conpositis
569 4427 698 4514 gemino
723 4429 915 4512 cognomine
938 4429 1063 4515 pennis.
