3302 5106
585 355 860 404 nrscrrnrnanvn
883 355 1004 406 unssrs.
1304 345 1369 409 373

218 506 291 584 post
311 523 342 566 se
364 500 495 564 babeant
516 499 549 578 h,
576 519 694 582 quoquo
714 521 821 584 periere
843 453 1083 566 enuntiationem
1105 521 1168 566 non
1191 501 1369 585 irnpediant.

224 607 285 672 His
316 607 416 693 igitur
448 607 475 670 si
505 606 562 670 illa
593 606 835 672 continuantur:
869 612 1027 690 praeterea
1054 607 1089 670 ia
1118 607 1195 674 labro
1222 629 1311 693 quem
1333 613 1370 676 de

219 716 426 800 grammatica
455 714 554 780 Varro
581 714 705 796 scripsit
731 735 757 778 c.
782 737 811 798 q.
836 737 869 798 s,
902 716 973 799 ipsa
1000 714 1145 798 profecto
1173 719 1258 782 recte
1283 717 1369 802 cogi·

157 892 160 904 ,
223 823 312 888 tandi
336 823 420 887 ratio
445 821 576 905 evincit,
599 825 635 885 ut
659 843 697 884 ex
721 820 796 904 alio,
819 845 886 887 non
909 845 947 887 ex
971 820 1085 887 eodem
1103 820 1261 888 Varronis
1285 823 1368 889 libro

222 930 303 995 haec
336 933 434 1013 atquc
467 928 634 1012 superiora
666 929 812 1012 expromi
846 927 1025 994 credantur.
1072 927 1193 1005 Quodsi
1227 929 1299 1013 quis
1329 929 1368 994 da

222 1036 315 1101 libris
343 1036 474 1119 linguae
503 1035 625 1098 latinae
653 1035 789 1138 cogitet,
822 1058 960 1120 quorum
987 1035 1093 1120 primo
1124 1037 1258 1101 tractari
1288 1037 1369 1102 talia

222 1143 399 1230 potuerint:
437 1141 497 1206 etsi
535 1141 597 1206 hoc
634 1140 850 1206 demonstrari
886 1143 1000 1226 nequit
1037 1165 1102 1207 non
1134 1143 1257 1208 factum
1289 1165 1369 1228 esse,
1383 1169 1409 1208 aa

223 1255 333 1316 tamen
361 1271 427 1314 non
454 1247 578 1313 levibus
607 1247 735 1313 indiciis
767 1247 959 1333 quibusdam
984 1247 1016 1311 in
1040 1248 1138 1332 longe
1162 1250 1259 1314 aliem
1283 1250 1369 1315 viam

226 1357 299 1423 duci
322 1357 477 1422 videmur.

311 1463 340 1528 2.
387 1460 545 1546 Spectant
572 1462 658 1526 enim
686 1465 718 1527 et
747 1461 806 1526 illa
832 1465 865 1526 et
893 1461 959 1526 alia
985 1462 1153 1546 complura
1180 1462 1369 1528 testimonia

222 1569 438 1651 Varroniano,
461 1571 494 1632 et
516 1589 554 1632 ea
578 1568 708 1652 quidem
732 1568 773 1632 ah
797 1567 1051 1654 orthographiae
1070 1569 1276 1652 potissimum
1295 1591 1368 1633 auc-

223 1675 348 1740 toribus
377 1673 520 1758 prodita,
553 1672 594 1738 ad
624 1695 696 1738 eam
725 1677 852 1758 partem
883 1675 1114 1758 grammaticae
1141 1696 1222 1759 quae
1252 1678 1302 1738 est
1329 1675 1367 1738 de

221 1783 339 1849 litteris
368 1781 470 1865 deque
498 1779 584 1845 recte
613 1779 855 1845 scribendorum
879 1780 1050 1845 verborum
1074 1781 1209 1846 ratione.
1255 1779 1367 1865 anue

225 1911 339 1954 caussa
370 1887 472 1952 fuisse
504 1886 644 1970 videtur,
682 1908 738 1950 cur
775 1886 868 1951 hbros
902 1887 939 1950 de
974 1885 1194 1970 orthopraphia
1225 1885 1367 1953 Varroni

222 1995 372 2080 Meyerus
401 1995 434 2058 iu
465 1991 529 2058 Cic.
557 1993 647 2058 Brut.
670 1993 728 2076 28,
753 1992 815 2057 107
846 1991 1018 2070 tribueret:
1051 1993 1142 2059 nullo
1172 1993 1205 2058 id
1237 1993 1367 2077 quidem

163 2173 176 2179 ,
221 2103 337 2168 idoneo
367 2103 573 2185 argumento,
607 2099 661 2163 sed
690 2099 864 2184 pedisequo
888 2098 1052 2165 Ellendtio
1080 2124 1110 2185 p.
1134 2100 1199 2165 369
1224 2099 1271 2164 ed.
1293 2122 1368 2165 nov.

223 2210 310 2286 Quos
330 2209 384 2272 vix
404 2207 491 2272 credi
511 2210 620 2291 potest
639 2229 658 2270 a
677 2206 797 2272 vitiosa
816 2205 900 2289 apud
917 2205 1116 2272 Priscianum
1132 2206 1181 2270 ΠΙ
1195 2229 1224 2290 p.
1238 2207 1366 2273 122Kr.

222 2316 381 2399 scriptura
410 2313 509 2378 Varro
541 2314 576 2376 in
607 2311 826 2394 orthopraphia
857 2309 1022 2394 profectos
1056 2334 1139 2396 esse,
1172 2318 1268 2396 quam
1301 2313 1367 2377 iam

221 2420 393 2486 Putschius
425 2442 455 2503 p.
479 2419 543 2484 609
576 2421 758 2482 mutaverat
786 2418 821 2482 in
850 2417 1085 2500 choropraphio,
1118 2420 1238 2484 rectius
1268 2419 1367 2484 etiam

221 2527 430 2592 Wuellnerus
464 2525 503 2588 de
526 2523 619 2588 Varr.
643 2523 735 2589 Atao.
760 2546 790 2607 p.
814 2524 871 2608 24,
904 2525 953 2588 cui
982 2523 1157 2590 Merkelius
1190 2525 1368 2590 assentitur

221 2634 340 2720 prolus.
356 2633 395 2697 ad
411 2630 519 2696 Ovidii
533 2629 607 2694 Ibin
626 2653 655 2714 p.
667 2630 740 2713 361,
764 2630 891 2695 videtur
910 2631 943 2696 in
963 2633 1194 2715 cosmoprophia
1216 2637 1366 2697 mutasse.

221 2740 268 2806 Of.
283 2738 411 2804 Krehlii
431 2743 540 2803 annot.
559 2736 646 2803 vohi
666 2759 697 2820 p.
707 2739 781 2802 276.
815 2735 876 2802 Sed
901 2738 941 2802 ad
964 2738 1045 2802 illud
1069 2759 1170 2824 genus
1193 2738 1273 2802 haec
1296 2761 1366 2823 per·

220 2848 326 2912 tinent
351 2844 493 2910 eiusdem
516 2843 674 2908 Prisciani
698 2843 713 2907 Ι
737 2867 767 2928 p.
782 2843 847 2909 556
862 2843 897 2908 P.
921 2845 962 2908 37
978 2844 1044 2928 Ka,
1068 2867 1106 2909 ex
1130 2844 1367 2928 antiquissimis

220 2953 385 3020 codicibus
413 2951 636 3036 redintegrata
664 2973 683 3014 a
713 2948 888 3036 Spengelio
916 2949 1016 3034 praef.
1039 2949 1133 3014 Varr.
1162 2973 1192 3034 p.
1218 2951 1250 3013 7:
1287 2951 1369 3032 quod

221 3061 350 3125 ostendit
377 3058 477 3124 Varro
504 3060 540 3122 in
564 3059 667 3141 priato
694 3058 731 3122 de
753 3057 870 3140 orc'pine
894 3056 1018 3140 linquae
1041 3057 1157 3121 honae
1179 3055 1228 3122 his
1251 3057 1366 3122 nabes:

221 3165 271 3231 ‘ut
293 3165 355 3230 Ion
377 3165 494 3244 scribit,
521 3165 632 3247 quinta
659 3169 688 3229 et
708 3165 851 3228 onesimo
877 3169 921 3229 est
943 3160 1008 3250 (qu.
1029 3165 1084 3228 cic.
1107 3167 1151 3227 est
1174 3161 1240 3248 Sp.)
1265 3164 1367 3228 littero

221 3295 314 3356 quom
345 3293 439 3358 opmo
467 3276 588 3349 vocant,
620 3272 708 3336 cuiuis
736 3271 840 3351 formo
870 3271 959 3336 nulla
987 3275 1015 3335 ct
1041 3289 1099 3335 vox
1126 3271 1296 3335 commom's
1324 3275 1368 3336 cst

224 3379 352 3446 Graccis
374 3385 402 3444 et
424 3379 558 3454 Latinis,
581 3381 616 3440 ut
637 3377 687 3441 bis
709 3376 824 3440 verbis·
847 3377 986 3458 appulus,
1009 3395 1128 3459 appears,
1151 3377 1298 3460 opyaillo,
1321 3379 1366 3460 ip-

220 3491 338 3570 percmt.
361 3488 396 3551 in
414 3465 625 3550 huiuscemodi
640 3481 753 3547 Gracci
770 3487 799 3546 ct
811 3483 925 3546 Accius
943 3487 1045 3546 noster
1067 3481 1141 3546 hina
1160 3504 1201 3565 99
1222 3483 1366 3561 sottum,

220 3593 278 3658 olii
299 3615 321 3658 a
344 3597 373 3657 et
390 3589 432 3674 μ’
466 3589 565 3675 Ergo,
588 3587 790 3652 Priscianum
814 3587 842 3650 si
867 3587 1039 3670 sequimur,
1063 3587 1101 3652 dc
1125 3588 1244 3652 litteris
1260 3587 1365 3654 Varro

221 3698 371 3783 exposuit
398 3697 516 3762 libris
545 3695 588 3760 da
613 3693 765 3779 origine
788 3694 947 3778 linguae
971 3693 1129 3758 latinae.
1175 3693 1251 3758 Non
1274 3695 1365 3778 iguo-

220 3827 329 3869 ramus
362 3803 621 3869 aVarronianis
654 3801 775 3866 criticis
809 3800 1012 3866 Priscianum
1047 3799 1227 3865 existimari
1259 3800 1365 3884 ipsum

220 3909 259 3974 de
283 3909 395 3993 lingua
418 3909 522 3974 latina
544 3909 663 3974 librum
687 3908 841 3992 primum,
866 3907 920 3993 qui
944 3911 1030 3973 esset
1052 3907 1091 3972 dc
1114 3907 1239 3992 origine
1263 3908 1283 3970 t.
1301 3907 1366 3990 lat,

220 4015 376 4080 denotare
399 4015 555 4079 voluisse:
578 4016 676 4080 simili
700 4015 860 4080 brevitate
885 4014 1011 4080 dicendi
1035 4019 1133 4099 atque
1157 4015 1243 4079 tertio
1257 4012 1365 4080 Rich-

222 4123 357 4188 ricornm
386 4119 505 4186 dixisse
533 4121 629 4187 nohis
652 4123 742 4187 visus
767 4128 816 4188 est
841 4144 948 4207 supra.
994 4119 1117 4186 Varum
1141 4143 1212 4185 eam
1236 4119 1365 4204 quidem

221 4229 439 4295 coniecturam
470 4226 609 4292 multum
639 4228 830 4312 labefactat,
863 4229 962 4294 immo
993 4229 1110 4292 evertit
1140 4225 1296 4308 Apuleius
1326 4225 1365 4288 de

221 4335 436 4420 diphthongis
450 4357 481 4418 p.
494 4333 557 4398 125
568 4332 634 4398 Os:
653 4333 767 4399 decedas
784 4334 891 4400 scribit
905 4333 1065 4398 Terentius
1084 4333 1184 4397 Varro
1202 4332 1237 4396 iu
1256 4331 1366 4396 libris

219 4443 255 4508 de
277 4444 394 4528 criptae
418 4441 535 4508 latinae
557 4441 681 4524 tincae
703 4441 887 4522 qubusdam
904 4439 1058 4523 placuisse
1074 4459 1133 4521 per
1150 4461 1187 4504 oe
1204 4437 1364 4522 diphttcon·
1443 4531 1447 4538 .
