3302 5106
311 416 376 480 372
731 437 778 483 oa
803 436 838 482 u.
861 435 1037 484 vsarrours

310 575 494 660 pinquitate
523 575 692 662 finitimos,
724 578 945 643 voluminibus
974 599 1106 662 prorsus
1135 576 1176 641 ab
1199 575 1267 641 illis
1290 576 1456 660 discretos,

310 683 529 768 cogitavitque
554 684 621 748 sire
644 683 683 748 de
706 683 943 767 philosophicis
963 684 1237 768 disputationibus
1257 683 1457 768 quibuslibet

309 811 368 872 per
395 791 554 874 plurimos
582 790 831 856 commentarios
855 789 1016 856 Varronis
1040 791 1176 875 sparsis,
1199 789 1276 873 sive,
1299 789 1384 874 quod
1407 790 1455 853 lu-

309 889 438 961 bentius
472 897 665 982 amplector,
697 897 736 964 de
768 896 809 962 iis
841 897 932 962 libris
964 917 1101 982 quorum
1131 895 1290 960 secundus
1320 901 1391 960 erat
1421 897 1458 961 de

307 1003 412 1083 forma
429 1002 653 1087 philosophiae,
682 1003 732 1068 vel
756 1002 795 1066 de
818 1002 870 1067 his
894 1024 1022 1087 unaque
1045 1001 1084 1066 de
1107 1001 1193 1066 libro
1218 1001 1375 1087 singulari
1398 1003 1456 1069 illo

310 1132 406 1194 quem
430 1111 638 1194 inscripserat
660 1111 696 1176 de
712 1109 918 1194 philosophia.
947 1105 995 1173 Of.
1010 1111 1030 1188 ἓ
1046 1108 1074 1198 8.
1103 1106 1202 1173 Vides
1227 1132 1325 1194 quam
1348 1109 1458 1174 multi-

308 1215 428 1298 plicem
456 1217 650 1301 explicatum
679 1217 823 1302 episcopi
847 1214 1041 1280 Viennensis
1071 1237 1109 1279 ea
1131 1216 1230 1279 verba
1253 1215 1410 1300 habeant,
1439 1239 1456 1280 e

310 1323 439 1408 quibus,
472 1325 526 1409 qui
559 1323 774 1389 inconsultius
808 1327 900 1408 agat,
933 1321 1029 1386 facile
1060 1322 1197 1386 alterum
1229 1326 1456 1407 argumentum

310 1434 402 1512 petat
424 1427 578 1517 (alterum
602 1430 733 1515 quidem
752 1451 791 1494 ex
806 1429 981 1514 Augustini
1001 1424 1172 1512 exemplo),
1196 1451 1260 1513 quo
1280 1432 1317 1494 ut
1334 1451 1455 1493 nonam

213 1587 221 1592 .*
310 1541 383 1601 octo
413 1537 488 1602 aliis
519 1537 696 1621 disciplinis
727 1536 970 1621 philosophiam
1000 1522 1190 1600 aVarroire
1219 1536 1361 1616 iupctam
1386 1549 1456 1600 esse

310 1642 435 1726 probet.

762 1785 1001 1799 ——ss

780 1978 916 2046 Gsrvr
939 1980 985 2046 ΙΙ.

836 2144 856 2222 ξ
883 2141 932 2206 12.

271 2305 296 2344 rs
403 2285 429 2348 l.
475 2281 805 2368 Circumspiciendum
832 2306 918 2349 nunc
946 2287 1010 2368 est,
1044 2283 1072 2349 si
1099 2282 1183 2349 forte
1211 2304 1249 2348 ex
1274 2283 1347 2348 aliis
1370 2277 1456 2366 frag-

311 2387 445 2472 mentis,
469 2411 550 2474 quae
574 2389 614 2455 ad
636 2389 891 2476 Disciplinarum
914 2390 1015 2456 libros
1040 2389 1109 2454 sola
1132 2390 1317 2456 coniectura
1339 2388 1455 2472 proba·

311 2494 421 2558 biliter
435 2495 623 2582 referantur,
647 2498 747 2562 etiam
766 2499 937 2564 certiorem
957 2498 1097 2583 speciem
1116 2497 1318 2584 singularum
1337 2495 1455 2560 artium

311 2599 392 2666 aM.
407 2600 560 2668 Terentio
581 2607 853 2687 pertractaturum
876 2605 978 2670 menti
1001 2609 1131 2671 nostrae
1150 2605 1327 2670 informare
1350 2603 1456 2667 liccat.

400 2707 449 2773 Ae
472 2708 511 2774 de
534 2713 790 2795 grammatica
812 2712 994 2794 ἀποφατικὴ
1014 2713 1118 2777 omnis
1138 2711 1316 2796 disputatio
1335 2713 1457 2792 nostra,

310 2837 377 2880 non
400 2820 597 2899 καταφατικὴ
622 2819 692 2884 crit.
729 2819 815 2886 Nam
838 2842 911 2884 cum
934 2819 972 2883 de
996 2818 1209 2904 grammatica
1232 2817 1352 2883 librum
1375 2815 1456 2881 Var-

311 2923 399 2988 ronis
423 2924 456 2989 in
480 2923 617 2991 Cornuti
641 2927 748 2992 verbis
772 2927 1034 3012 indagaverimus
1059 2926 1143 3010 apud
1163 2923 1392 2991 Cassiodorum
1417 2921 1456 2986 de

311 3029 545 3116 orthographia
577 3057 607 3118 p.
630 3033 717 3100 2286
740 3033 785 3118 P,
817 3039 925 3100 tamen
958 3056 1039 3119 quae
1071 3037 1240 3118 praeterea
1272 3053 1311 3096 er
1343 3029 1456 3094 eodem

312 3133 456 3201 Cornuto
491 3135 703 3206 Cassiodorus
736 3141 831 3205 affert
854 3139 1012 3206 Varronis
1046 3140 1133 3206 dicta
1166 3140 1236 3204 sine
1268 3138 1348 3204 certi
1379 3135 1455 3201 libri

312 3240 444 3326 iudicio,
477 3266 515 3309 ea
543 3269 620 3311 cave
649 3246 689 3310 ad
718 3246 854 3311 eundem
882 3247 921 3312 de
949 3247 1174 3332 grammatica,
1188 3241 1456 3310 commentarium

311 3347 387 3411 ilico
418 3348 547 3415 referas.
599 3351 652 3416 Ab
676 3352 742 3416 illis
771 3352 856 3418 enim
881 3374 961 3437 quae
986 3374 1083 3436 supra
1106 3350 1352 3436 perscripsimus
1375 3349 1455 3414 haec

312 3454 514 3538 excipiuntur
538 3455 673 3523 Cornuti
697 3459 796 3524 verba
819 3482 849 3543 p.
872 3459 969 3542 2285,
993 3459 1050 3524 35:
1082 3459 1204 3524 haiom
1226 3458 1260 3522 in
1282 3457 1457 3540 meatum

310 3565 354 3625 cst
377 3561 479 3627 littera
500 3564 543 3630 sit
563 3585 666 3649 amne,
698 3567 742 3632 sic
767 3587 929 3648 nunqrmm
951 3567 1155 3632 dubitandum
1177 3569 1221 3630 cst
1241 3565 1370 3630 secundo
1394 3563 1456 3627 loco

310 3688 331 3732 a
353 3689 532 3754 quacunque
554 3679 738 3738 emanante
753 3674 833 3757 pom
855 3673 965 3740 debere.
994 3675 1076 3756 quod
1095 3673 1179 3738 solus
1199 3671 1297 3738 Varro
1320 3670 1455 3736 dubim:

310 3776 375 3840 cult
397 3778 479 3842 enim
502 3780 682 3844 auctoritate
703 3799 763 3844 sua
785 3781 910 3862 efficere,
933 3784 969 3843 at
986 3778 1007 3843 t
1023 3779 1117 3860 prius
1133 3783 1274 3861 ponamr
1295 3799 1331 3842 ca
1355 3778 1456 3842 littera

309 3903 388 3962 quac
410 3885 631 3966 aspirationem
653 3885 804 3969 conferat,
832 3891 861 3951 et
886 3905 919 3950 eo
947 3885 1048 3968 mayr's
1073 3883 1129 3950 boc
1151 3889 1247 3950 tentat
1263 3885 1455 3968 paneadem,

308 3989 392 4068 qrmd
411 3990 565 4056 vocalibus
586 4011 703 4074 quoqrre
725 3993 808 4058 dicat
829 3992 974 4075 antepom
995 3996 1031 4056 at
1052 3991 1145 4076 heres,
1167 3991 1279 4057 tiras.
1306 3992 1360 4057 sed
1377 3989 1455 4056 Var-

310 4114 416 4160 ronem
432 4098 584 4179 practcmt
605 4104 821 4164 wmouarrtem
843 4101 909 4165 ideo
931 4099 1061 4164 secumdo
1085 4098 1146 4164 loco
1168 4097 1189 4162 t
1212 4099 1353 4181 recepere,
1375 4097 1457 4180 qaod

309 4223 372 4268 non
393 4205 490 4285 possit
510 4207 730 4288 aspirationem
752 4207 816 4272 misi
837 4211 909 4270 ante
930 4207 1046 4272 vocales
1066 4206 1174 4272 habere
1197 4205 1309 4290 (vulgo
1331 4226 1359 4286 q.
1377 4225 1408 4268 n.
1424 4224 1455 4285 p.

310 4315 383 4375 autc
404 4311 624 4392 aspiratrbaem
647 4315 710 4378 ubi
727 4313 843 4378 vocales
860 4312 1001 4398 habaet
1013 4315 1116 4395 itaque
1137 4319 1166 4378 ct
1187 4317 1258 4377 ante
1280 4315 1309 4376 et
1324 4316 1405 4396 post,
1426 4312 1456 4376 si

310 4417 331 4480 a
355 4417 458 4481 littera
479 4421 646 4501 manuque
668 4419 725 4484 tali
747 4440 809 4484 nou
826 4419 1018 4502 adimuntur
1036 4419 1148 4505 (vulgo
1168 4419 1226 4483 tali
1242 4413 1456 4500 adimrqamr),

311 4523 524 4590 consonabit.
568 4525 641 4591 haec
664 4527 744 4592 cuim
767 4530 884 4591 namra
906 4527 1058 4592 vocalium
1079 4531 1124 4592 cst
1145 4531 1194 4605 ut,
1216 4525 1279 4590 sive
1300 4529 1372 4590 aule
1393 4526 1456 4590 sive
1536 4545 1539 4552 ·
