3294 5104
207 358 208 362 ¹
262 329 327 394 328
534 344 774 406 ovansrrouss
799 343 1135 391 onomaronomcan.

262 489 452 567 Πολέμων
475 487 643 552 Polemo:
668 485 763 550 miles
787 485 969 550 comoediae
993 489 1078 552 teste
1097 484 1228 552 Donato
1252 485 1292 552 ad
1314 487 1404 552 adel-

307 595 396 680 phon
418 593 443 678 l,
469 597 497 678 1,
523 597 549 658 1.

263 701 643 781 *Πολτοφαγωνίδηε
671 698 1022 784 Pultiphagonides
1051 696 1406 786 (Pvnnmaounssp

309 808 449 892 septimo
477 806 605 872 demum
634 805 763 870 saeculo
787 827 816 869 υ.
839 827 865 872 e.
892 805 1077 870 ioculariter
1099 807 1210 871 fictum
1233 827 1351 872 nomen
1374 807 1407 870 in

307 913 443 997 prologo
472 913 607 979 Poenuli
634 936 664 980 ν.
688 913 744 977 54:
778 911 881 997 quode
909 911 975 976 dixi
1003 911 1167 998 Parergon
1190 919 1213 980 t.
1236 914 1252 979 Ι
1278 936 1310 998 p.
1333 913 1407 979 205.

308 1021 378 1096 Quo
401 1020 531 1084 nomine
555 1019 616 1084 etsi
639 1019 793 1085 credibile
817 1023 867 1082 est
890 1017 932 1083 ad
950 1018 1087 1084 latinum
1098 1021 1198 1102 pultis
1216 1021 1408 1086 vocabulum

308 1126 438 1210 respici,
466 1130 588 1209 tamen,
611 1148 684 1190 eum
706 1125 741 1188 in
764 1127 917 1210 promptu
941 1125 984 1190 sit
1007 1145 1158 1210 graecum
1181 1127 1316 1210 πόλτο(,
1343 1150 1409 1192 non

112 1239 114 1244 ’
244 1260 246 1266 ·
309 1235 359 1297 est
380 1231 527 1297 hibridae
550 1231 638 1296 vocis
662 1231 729 1296 ulla
751 1231 937 1296 necessitas.
982 1230 1091 1296 Prima
1115 1234 1241 1317 syllaba
1263 1256 1285 1298 υ
1308 1256 1408 1319 proo

309 1339 431 1424 recepit
453 1343 489 1403 ut
513 1339 547 1402 in
566 1337 851 1422 Bumbomachides,
875 1337 1013 1404 secunda
1036 1339 1049 1402 ι’
1072 1339 1166 1404 utin
1184 1339 1338 1423 Demipho
1361 1363 1410 1406 ce-

310 1445 451 1531 terisque
475 1445 631 1529 exemplis
655 1466 753 1528 supra
776 1445 965 1528 compositis
990 1446 1050 1510 sub
1076 1446 1274 1526 Καλόδωρο(

265 1553 555 1633 Πολυβαδὶ(κο(
587 1550 871 1634 Polybadiscus
904 1547 1212 1638 (Pcnvuamscvs):
1249 1555 1411 1620 Astrabae

309 1658 482 1724 Plautinae
510 1680 606 1722 versu
635 1657 719 1742 apud
742 1656 924 1724 Varronem
947 1658 985 1724 de
1008 1659 1029 1723 l.
1052 1660 1108 1725 lat.
1132 1660 1194 1745 VI,
1219 1660 1259 1725 73
1283 1661 1411 1726 restitu-

309 1771 379 1832 tum
410 1765 627 1850 aSealigero.
674 1763 774 1830 Cuius
796 1765 938 1831 nominis
961 1766 1123 1832 rationem
1146 1790 1212 1832 non
1234 1767 1355 1832 habere
1379 1790 1413 1832 se

312 1873 367 1958 qui
392 1873 472 1936 satis
496 1870 667 1955 expediret,
690 1870 917 1936 Lachmannus
940 1871 1047 1938 fassus
1071 1876 1121 1939 est
1139 1873 1243 1940 Musei
1261 1873 1412 1940 Rhenani

311 1979 352 2045 ab
384 1977 554 2042 Welekero
582 1977 772 2062 Naekioqne
805 1978 884 2042 editi
915 1983 938 2042 t.
964 1977 1010 2043 VI
1038 2003 1069 2063 p.
1100 1981 1172 2046 120.
1222 1981 1270 2045 Tu
1303 1980 1413 2045 videas

311 2107 393 2171 quae
424 2085 459 2148 in
483 2085 554 2148 Act.
583 2105 646 2148 soc.
673 2083 785 2168 philol.
809 2083 897 2168 Lips.
924 2087 1002 2149 tom.
1026 2083 1073 2149 VI
1096 2109 1126 2169 p.
1150 2088 1215 2153 368
1247 2091 1360 2171 [supra
1382 2111 1412 2171 p.

315 2193 377 2258 190
392 2194 452 2276 sq.]
478 2189 626 2274 exposita
649 2193 733 2256 sunt.

271 2297 592 2366 *Uotuutotcroc
623 2296 876 2380 Polyplusius
907 2294 1192 2384 (Ponvenv81vs):
1224 2304 1319 2384 pater
1347 2297 1415 2363 Eli-

313 2405 420 2470 densis
434 2405 631 2488 Polyplusius
647 2403 910 2488 Theodoromedes,
930 2401 1143 2488 Captivorum
1154 2405 1193 2490 V,
1207 2407 1238 2488 2,
1252 2407 1295 2470 20
1305 2403 1415 2492 (973);

313 2513 353 2578 af.
376 2511 417 2595 H,
440 2512 470 2594 2,
494 2511 535 2574 27
561 2509 655 2595 (277)
677 2509 894 2595 Polyplusa'um
919 2531 1024 2594 peuce.
1069 2511 1221 2577 Imitatus
1244 2515 1295 2578 eet
1317 2516 1416 2596 poeta

312 2617 453 2684 nominis
477 2617 742 2713 cognominisque
767 2617 955 2682 societatem
979 2618 1080 2683 moris
1103 2619 1251 2684 Romani.

268 2724 610 2806 Πτολεμοκμάτεια
628 2724 948 2790 Ptolemocratia:
972 2725 1131 2810 sacerdos,
1149 2725 1309 2790 Rudentis
1323 2724 1365 2809 Π,
1384 2725 1414 2808 5,

314 2834 357 2898 24
375 2830 479 2919 (481).
514 2830 575 2913 [De
599 2834 748 2916 correpta
770 2831 972 2914 paenultima
989 2833 1028 2897 ef.
1047 2831 1275 2898 Lachmannus
1294 2831 1334 2897 ad
1353 2831 1415 2896 Lu-

314 2945 391 3006 eret.
416 2962 446 3023 p.
470 2938 531 3003 159
551 2942 585 3003 et
604 2937 641 3004 G.
661 2937 793 3005 Curtius
816 2938 850 3003 in
873 2939 963 3004 relat.
989 2960 1052 3004 soc.
1076 2937 1192 3005 Saron.
1214 2938 1300 3004 1864
1322 2960 1352 3021 p.
1372 2937 1415 3018 5.]

313 3044 561 3125 Πολεμοκρατία
592 3045 677 3108 idem
711 3065 830 3109 nomen
858 3044 1015 3128 scriptum
1044 3047 1093 3108 est
1119 3045 1204 3128 apud
1231 3043 1417 3128 Appianum

315 3153 346 3218 b.
370 3151 427 3216 civ.
450 3149 507 3234 IV,
531 3151 582 3216 75.

271 3258 634 3338 *Πυργοπολινίκη(
649 3255 972 3342 Pyrgopolinices
985 3255 1339 3345 (vacoron1nrens):
1357 3259 1417 3323 mi-

315 3366 363 3430 les
386 3363 503 3428 Militis
527 3362 671 3448 gloriosi.
717 3361 934 3447 Exspectatur
956 3363 1213 3447 Pprpopolirueus
1235 3363 1359 3448 potius,
1381 3367 1418 3427 ut

315 3471 350 3536 in
379 3471 494 3537 ceteris
521 3491 622 3554 prope
646 3468 796 3535 omnibus
821 3491 903 3553 quae
926 3491 946 3534 a
969 3469 1037 3549 νίκη
1061 3469 1113 3534 vel
1137 3473 1227 3536 νικᾶν
1250 3469 1418 3535 ducuntur.

316 3577 425 3645 Facile
457 3578 558 3664 igitur
587 3581 680 3661 putes
711 3577 749 3642 ad
781 3575 1027 3642 similitudinem
1055 3577 1303 3660 adiectivorum‚
1336 3599 1418 3661 quae

317 3691 394 3752 sunt
416 3683 659 3764 Ὀλυμπιονίκῃ(
682 3684 874 3764 Πυθιονίκη(
898 3685 1089 3764 Νεμεονίκη(
1113 3683 1322 3763 Ἰ(θμιονίκη(,
1354 3683 1419 3748 fac-

317 3798 386 3858 tum
411 3815 530 3858 nomen
555 3814 635 3875 esse,
659 3791 724 3855 nisi
748 3794 857 3856 tamen
877 3791 976 3856 etiam
994 3795 1156 3856 certorum
1175 3791 1260 3855 inter
1278 3789 1418 3854 Graecos

316 3897 485 3963 hominurn
513 3897 682 3982 proprium
705 3896 896 3976 Πυθιονίκη(
925 3900 1067 3962 exstaret
1093 3897 1172 3964 locis
1201 3895 1418 3962 aBanselero

317 4004 441 4070 allatis:
464 4026 558 4088 quem
582 4003 622 4068 ad
646 4003 776 4068 modum
799 4003 902 4069 altera
925 4026 963 4068 ex
981 4007 1074 4088 parta
1093 4003 1335 4084 Ὀλυμπιόνικο(
1349 4005 1416 4068 Πυ-

319 4112 458 4178 θιόνικο(
488 4110 585 4176 etiam
613 4133 671 4196 pro
701 4111 869 4176 adiectivis
898 4109 996 4176 lirisse
1019 4114 1157 4178 constat.
1203 4111 1273 4186 Quo
1297 4109 1421 4175 aceedit

318 4223 355 4283 ut
386 4219 481 4284 facile
513 4219 662 4284 credatur
690 4222 789 4303 poeta
819 4218 859 4282 ad
888 4217 1023 4284 celebris
1050 4218 1248 4298 Πολυνείκη(
1276 4215 1419 4281 nominis

320 4347 434 4390 sonum
458 4325 598 4390 alludere
622 4325 774 4389 voluisse.

275 4431 420 4500 Πυθιά(
454 4429 618 4517 Pythias
652 4425 825 4516 (Pvr1as):
858 4429 977 4496 aneilla
1003 4429 1168 4516 Eunuchi3
1198 4465 1235 4476 -
1266 4429 1421 4496 meretrix
