3294 5104
572 440 577 446 -
692 415 976 464 couneursrrvs.
1339 397 1403 460 267

261 561 340 624 sctis
361 560 428 623 iam
450 559 536 623 dolui
557 579 595 623 eu
616 560 723 624 aneso
741 564 770 624 et
786 579 862 623 crura
879 559 957 624 sotis
975 578 1022 623 me
1038 563 1068 624 et
1085 558 1231 623 heremis
1249 559 1406 622 macconi

262 666 350 752 (curn
378 687 442 750 quo
471 685 589 750 genere
617 665 752 732 miscere
775 664 844 732 noli
868 665 953 749 quod
976 662 1110 750 prorsus
1133 662 1255 749 dispari
1278 663 1405 730 confor-

261 772 404 837 matione
428 771 661 836 sententiarum
684 771 807 836 dictum
831 773 882 836 est
904 769 1028 837 Cistell.
1051 789 1079 856 1,
1104 772 1136 856 1,
1160 771 1201 836 61
1225 771 1306 837 mole
1327 770 1406 835 miti

262 883 318 964 eet,
347 878 427 944 mle
449 897 603 943 maceror:
635 879 718 944 doleo
745 877 784 942 ub
806 878 925 963 auimo,
954 877 1038 944 doleo
1060 877 1099 944 ut
1121 877 1230 956 oculu,
1260 878 1343 943 doleo
1366 877 1406 942 ab

262 981 475 1071 comoediae).
512 983 612 1050 Recte
635 984 721 1049 idem
740 983 875 1050 Plautus
900 987 932 1048 et
954 985 1183 1050 convenienter
1206 984 1324 1050 rationi
1342 1005 1406 1068 epo

263 1096 323 1156 met
351 1111 399 1156 me
426 1111 519 1173 coquo
548 1096 577 1155 et
604 1111 723 1156 macero
750 1095 779 1156 et
805 1091 932 1172 defetipo
954 1090 1135 1156 Trinummi
1157 1114 1185 1157 v.
1209 1089 1290 1156 225:
1327 1089 1406 1155 item

263 1201 350 1262 recte
372 1197 427 1262 tec
448 1217 496 1262 me
516 1197 642 1279 fucinus
664 1199 812 1263 monum
834 1201 970 1262 macerat
991 1217 1149 1280 ruuntque
1170 1217 1222 1262 cor
1243 1217 1408 1280 corpusque
1428 1256 1433 1264 .

263 1305 380 1368 muciot
402 1303 545 1368 Gloriosi
568 1327 597 1370 v.
616 1305 692 1388 616,
714 1304 765 1369 vel
789 1304 889 1368 etism
914 1301 1091 1388 simplicius
1115 1305 1148 1368 et
1171 1303 1332 1368 contrario
1356 1325 1407 1367 or·

138 1391 143 1397 “
264 1408 339 1474 sue
363 1409 532 1475 cerentius
555 1410 590 1474 in
613 1409 739 1475 musa
761 1433 790 1476 v.
814 1411 879 1476 sse
906 1430 983 1493 qam
1005 1430 1053 1475 me
1074 1410 1235 1476 mesor
1262 1430 1339 1493 quor
1362 1430 1408 1475 me

263 1515 421 1582 macero?:
452 1537 528 1581 uem
555 1515 615 1582 hes
643 1516 773 1600 quidem
801 1517 950 1582 notiones
978 1519 1015 1582 ut
1042 1516 1162 1602 dispari
1190 1515 1328 1600 origiue,
1360 1515 1408 1580 ite

264 1623 335 1707 pari
362 1623 449 1686 iuter
478 1645 512 1688 se
540 1603 702 1709 gravitate
725 1643 796 1688 esse
818 1623 963 1689 omnium
987 1624 1110 1709 optime
1134 1621 1272 1689 Ossinee
1295 1645 1407 1690 versus

265 1729 359 1794 docet
381 1746 415 1814 11,
438 1730 468 1814 8,
491 1731 511 1795 9
534 1731 661 1798 iliorum
683 1751 730 1795 me
751 1731 829 1795 citer
851 1731 975 1808 mmet,
998 1731 1077 1794 ulter
1098 1735 1241 1794 macerat.
1272 1728 1320 1794 Vt
1342 1753 1409 1795 non

267 1835 365 1900 mirer
392 1835 419 1901 si
448 1836 519 1920 quis
548 1835 633 1919 epud
657 1833 848 1901 Suetonium
877 1834 1017 1901 secundo
1045 1835 1116 1901 loco
1139 1835 1282 1918 positum
1305 1837 1408 1902 multo

266 1941 380 2006 exilius
403 1943 486 2007 doleo
509 1942 642 2007 verbum
670 1964 709 2007 ex
732 1943 1022 2027 interpretamento
1045 1945 1189 2025 repetere
1212 1939 1408 2027 Caesarique

265 2069 362 2113 uuum
384 2048 439 2114 too
460 2068 605 2128 maceror,
628 2048 683 2114 tec
701 2049 819 2114 murier
841 2049 983 2114 tribuere
1006 2049 1151 2114 animum
1174 2049 1315 2115 inducet.
1345 2049 1409 2114 Ve-

264 2177 335 2220 rum
359 2155 387 2220 is
410 2159 521 2220 tumen
543 2155 597 2220 vix
619 2154 754 2221 hebebit
772 2178 829 2221 cur
847 2157 939 2222 illum
958 2159 1050 2223 tento
1071 2156 1171 2221 enimi
1191 2157 1307 2222 effectu
1326 2159 1408 2221 tam·

265 2283 326 2346 quc
349 2261 513 2326 concitato
537 2281 654 2345 genere
677 2262 829 2346 loquendi
853 2284 945 2327 usum
969 2283 1039 2328 esse
1058 2263 1093 2327 in
1111 2267 1180 2328 tem
1198 2263 1263 2326 leni
1282 2267 1315 2328 et
1333 2263 1409 2328 sim·

264 2367 341 2452 plici
360 2387 475 2432 csusse
493 2367 589 2433 dicet.
620 2367 707 2432 Nam
726 2371 763 2433 ut
783 2368 823 2432 ud
845 2368 1007 2453 perfectae
1031 2367 1111 2432 artis
1134 2372 1168 2432 et
1189 2369 1409 2453 praestantiae

266 2474 430 2558 exemplar
457 2472 579 2557 aliquid
607 2473 718 2538 deesse
742 2473 894 2539 Terentio
923 2473 1132 2558 iudicaretur,
1159 2474 1211 2539 vel
1234 2495 1333 2540 unum
1354 2475 1410 2541 hoc
1473 2511 1475 2516 v

266 2580 353 2644 doleo
381 2577 443 2642 dici
477 2578 556 2643 setis
590 2581 673 2642 eret:
709 2578 818 2662 potuit
848 2577 936 2643 houd
968 2578 1063 2664 dubie
1093 2580 1261 2665 aliquanto
1289 2581 1408 2648 fortius

266 2685 364 2748 etiem
377 2703 476 2749 unum
489 2683 543 2749 hoc
555 2704 693 2750 maceror
706 2684 758 2749 vel
772 2705 870 2748 uuum
887 2684 942 2751 hoc
959 2687 1078 2751 murier
1095 2685 1172 2751 dici:
1196 2686 1252 2751 red
1271 2687 1409 2752 nimium

267 2793 337 2854 erat
359 2789 506 2874 profecto
530 2793 563 2854 et
585 2812 685 2874 prope
708 2791 858 2876 putidum
878 2791 929 2857 ‘vel
952 2791 1007 2857 tec
1023 2791 1115 2875 doleo,
1132 2791 1187 2857 hoc
1205 2813 1341 2859 maceror
1358 2795 1409 2858 vel

267 2897 346 2962 adeo
373 2895 428 2961 doc
455 2917 600 2976 maceror,
626 2898 681 2964 tec
707 2898 833 2963 mutim.
881 2896 970 2983 Ergo
998 2919 1036 2962 eo
1067 2897 1215 2962 ducimur
1236 2902 1274 2964 ut
1295 2899 1409 2965 fallere

266 3001 358 3068 verbi
380 3001 610 3084 nutriuntur
633 3003 774 3088 speciem
797 3003 1069 3087 persensissemus
1093 3005 1189 3088 etque
1213 3003 1301 3070 eliud
1320 3006 1409 3090 quid-

266 3108 341 3174 dem
369 3109 469 3174 latere
496 3109 531 3172 in
559 3109 715 3173 memorie
741 3109 900 3174 librorum
929 3110 1136 3194 suspicemur.
1187 3109 1308 3186 Quodsi
1338 3112 1409 3196 quis

267 3215 305 3279 de
329 3215 449 3280 tutibus
474 3213 607 3300 cogitet,
633 3215 744 3299 qualis
766 3215 876 3280 futuru
899 3211 966 3281 sint
988 3237 1086 3281 cumn
1108 3215 1163 3281 hoe
1184 3237 1334 3304 maceror,
1356 3217 1411 3284 tor

266 3323 350 3388 (ἰοσὶο
373 3321 428 3386 tciri
452 3358 502 3404 -‚
525 3319 575 3384 vel
598 3320 653 3386 tor
675 3321 761 3406 lecto,
784 3323 835 3386 vel
857 3322 912 3389 hoc
934 3323 1032 3402 dulci,
1056 3326 1089 3387 et
1112 3323 1140 3388 si
1164 3345 1246 3409 quse
1270 3328 1346 3390 suut
1368 3323 1409 3389 si·

268 3428 368 3512 milis,
389 3427 470 3493 haec
494 3431 603 3493 temen
626 3428 736 3492 omnis
758 3429 826 3494 suis
849 3429 978 3514 singule
1000 3429 1212 3495 incommodis
1232 3431 1339 3516 eisque
1359 3433 1411 3496 set

266 3535 423 3621 gravibus
450 3535 599 3600 laborare
626 3534 724 3600 facile
748 3535 952 3620 perspicitur.
997 3533 1066 3601 Nec
1090 3537 1345 3602 obliuiscendum
1369 3537 1409 3602 ad

267 3641 320 3707 hoc
349 3663 527 3727 pronomen
557 3662 617 3706 nos
647 3640 798 3725 delepsos
831 3641 872 3707 ab
903 3663 941 3707 eo
971 3665 1103 3726 prorsus
1132 3644 1298 3710 aberrasse
1326 3644 1409 3708 uude

266 3748 544 3831 proficiscendum:
580 3747 734 3812 audoleo
763 3748 816 3813 vel
845 3765 1023 3814 Aunonuo.
1051 3748 1110 3830 ‚In
1138 3771 1201 3834 quo
1230 3751 1286 3812 eut
1313 3749 1465 3814 fellorese

267 3857 324 3918 aut
344 3853 427 3919 nihil
452 3853 539 3918 eliud
561 3853 627 3918 nisi
649 3869 813 3920 ruccone
837 3853 978 3919 delituit:

432 4012 535 4078 Vsum
556 4013 610 4078 hoc
632 4033 768 4079 maceror
790 4013 941 4079 aureolo
964 4013 1020 4079 tciri
1041 4015 1122 4080 desse
1146 4015 1276 4126 Terenti.

267 4173 428 4238 aureolum
456 4171 542 4237 enim
564 4176 594 4237 et
613 4173 657 4237 ud
677 4172 799 4238 verbm
821 4173 1012 4238 ediscerdum
1035 4173 1168 4240 tirellum
1191 4171 1357 4239 Crantoris
1381 4176 1410 4240 si

267 4277 375 4360 potuit
397 4275 510 4343 Cicero
534 4277 637 4342 dicere
660 4277 758 4342 Aced.
782 4296 816 4362 11,
830 4277 967 4362 44‚135,
990 4279 1069 4344 item
1091 4281 1248 4345 correctum
1271 4283 1409 4346 oratiun-

268 4385 370 4450 culam
403 4381 437 4449 O.
460 4382 563 4447 Laelii
595 4382 634 4446 de
663 4387 729 4449 nat
759 4384 846 4450 deor.
869 4403 923 4468 111,
950 4386 998 4468 17,
1021 4386 1074 4470 43,
1106 4385 1218 4470 quidni
1250 4387 1410 4452 aureolum

267 4494 400 4573 postem
423 4511 519 4575 quem
542 4489 577 4554 in
600 4488 724 4554 deliciis
746 4489 883 4555 heberet
904 4488 1047 4556 Caesar?
