3294 5104
313 394 376 458 308
482 466 491 475 ,
583 409 825 470 ονΑΕεοιονΕη
850 409 1184 459 onorraronoorcrn.

357 554 442 618 aida.
475 551 621 618 Conferri
640 559 751 619 tamen
774 551 893 619 Gallias
916 558 1035 638 potest,
1058 555 1096 618 de
1116 575 1180 639 quo
1199 575 1228 618 ν.
1238 552 1324 616 infra
1337 574 1367 636 p.
1382 551 1457 617 314.

358 660 397 724 In
420 659 591 726 Asinariae
613 683 709 726 versu
727 662 854 744 positus
874 662 1077 726 aecusativus
1100 659 1235 725 Didiam
1253 661 1292 724 de
1313 659 1458 758 nomina-

359 767 428 833 tivo
452 767 534 832 nihil
558 767 659 834 docet.

314 875 502 954 ῒΔεκίων
524 873 656 939 Decio:
688 875 771 939 servi
794 897 911 940 nornen
934 875 1036 940 fertur
1058 872 1341 939 Menaechmorum
1365 872 1405 958 V,
1431 877 1459 956 1,

356 981 399 1046 36
428 979 532 1066 (731).
577 980 611 1058 Ι,
638 979 747 1065 Dc'eio,
775 1003 886 1064 quaere
913 983 1014 1047 medea
1035 987 1159 1064 patrem
1188 1003 1213 1044 e.
1243 1003 1271 1065 q.
1296 1003 1320 1045 s.
1366 979 1456 1056 Quod

356 1109 428 1152 curn
452 1091 520 1152 tam
544 1107 693 1173 graecam
717 1087 968 1172 originationem
992 1111 1089 1172 quam
1112 1087 1253 1152 latinam·
1269 1091 1402 1171 respuat
1421 1109 1457 1150 ac

356 1217 396 1259 ne
420 1193 585 1278 proditum
608 1193 737 1278 quidem
761 1194 861 1259 sitin
885 1195 988 1278 libris,
1011 1194 1048 1259 de
1068 1193 1183 1260 mendo
1203 1194 1382 1278 scripturae
1401 1193 1456 1256 du-

356 1301 455 1365 bitari
477 1301 597 1385 nequit.
644 1299 807 1386 Scriptum
831 1305 881 1366 est
905 1306 1013 1366 autem
1037 1301 1071 1365 in
1093 1300 1252 1366 Palatinis
1276 1305 1374 1386 atque
1392 1299 1457 1364 Va-

356 1408 463 1474 ticano
486 1409 532 1472 Ei
553 1411 637 1475 :laceo
657 1429 753 1491 quare
770 1407 910 1492 (peracre)
928 1409 948 1472 i.
968 1429 993 1474 e.
1012 1405 1400 1483 EIDEODOQVAERE:
1424 1407 1457 1471 in

356 1515 473 1598 quibus
496 1515 616 1580 litteris
640 1515 735 1600 latet,
757 1515 820 1579 nisi
843 1515 941 1580 fallor
964 1515 1074 1599 animi,
1095 1512 1457 1590 EPIDICEQVAERE
1487 1575 1495 1590 ,

354 1622 375 1685 i.
394 1643 419 1685 e.
438 1622 608 1705 Epidico,
631 1641 749 1703 qaaere.
766 1657 803 1665 —
826 1618 915 1685 Haeo
935 1620 1137 1706 scripseram,
1156 1643 1228 1686 cunr
1247 1643 1338 1686 suam
1358 1644 1456 1706 quan·

354 1728 429 1792 dam
457 1729 676 1794 coniecturam
699 1727 926 1792 Fleckeisenus
955 1749 1080 1792 mecum
1104 1727 1365 1810 communicavit,
1394 1749 1458 1812 qua

356 1833 452 1900 Decea
475 1837 603 1901 litteras
627 1835 667 1900 ad
685 1834 783 1900 Dccso
806 1835 827 1899 i.
851 1858 877 1900 e.
896 1834 998 1901 Dedo
1020 1857 1139 1900 nomen
1157 1839 1297 1918 revocat,
1321 1834 1457 1900 Plautus

356 1947 393 2005 ut
423 1944 450 2006 ei
480 1941 526 2027 (h.
555 1965 581 2006 e.
608 1939 634 2028 a)
658 1941 761 2021 Dexo,
790 1963 902 2025 quaere
929 1943 1107 2026 scripserit:
1140 1965 1198 2008 nec
1222 1943 1307 2007 enirn
1332 1941 1459 2008 Δεξίων

354 2051 482 2111 tantum
515 2051 548 2111 et
580 2049 689 2132 Δεξώ,
722 2047 778 2112 sed
811 2050 909 2112 etiam
939 2050 1073 2114 Δέξων
1105 2054 1233 2114 exstare
1265 2050 1298 2114 in
1332 2049 1457 2134 graecis

353 2153 458 2216 titulis
492 2177 511 2216 a
539 2153 642 2238 Papio
671 2155 947 2240 commemorata,
981 2177 1114 2239 prorsus
1143 2156 1183 2220 ad
1211 2153 1457 2220 similitudinem

354 2258 485 2324 illorum
516 2281 598 2344 quae
629 2267 704 2328 sunt
728 2260 856 2343 Κλήςων
886 2261 1012 2343 Κτήςων
1035 2263 1146 2329 Λύςων
1169 2261 1308 2343 Μνήςων
1331 2263 1458 2328 Πείςων

354 2367 503 2432 (πεύςων
528 2389 599 2432 oum
624 2371 749 2436 ceteris.
786 2367 965 2435 Fatendum
984 2375 1034 2435 est
1053 2371 1186 2454 propius
1208 2369 1240 2434 id
1260 2393 1280 2433 a
1298 2369 1457 2434 librorum

355 2474 512 2538 memoria
531 2475 643 2541 abesse
663 2499 760 2561 quam
780 2478 866 2562 quod
885 2498 945 2562 ego
965 2477 1131 2562 proposui:
1156 2499 1352 2562 quamquam
1370 2476 1456 2541 idem

355 2599 420 2642 non
443 2578 584 2645 diffiteor
606 2583 718 2666 paullo
743 2584 850 2648 minus
874 2584 1073 2650 reconditam
1097 2585 1179 2648 servi
1203 2583 1457 2668 appellationem

356 2685 461 2770 magis
484 2687 678 2770 placituram
702 2711 781 2754 esse.

308 2789 518 2872 *Ae'lprov
536 2792 741 2879 Delphium
759 2793 963 2883 (Dnnr’lvn):
983 2797 1132 2862 meretrix
1150 2795 1378 2862 Mostellariae.
1407 2793 1456 2862 Cf.

353 2891 489 2984 Δέλφίς,
512 2885 664 2966 meretrix
687 2903 827 2969 Luciani.
876 2905 987 2985 [Errat
1009 2903 1184 2969 Lorenzius
1208 2927 1237 2987 p.
1261 2903 1305 2984 a]

309 3005 552 3084 Δημαίνετος
574 3007 845 3075 Demaenetus:
870 3031 967 3076 senex
991 3011 1171 3075 Asinariae.

308 3106 513 3192 Δήμαρχος
537 3113 1024 3203 Demarchus(Dnnnncvs):
1040 3115 1457 3202 senex‚PoenuliV,2,100.

309 3218 466 3294 Δημέα(
490 3217 641 3286 Demea:
667 3243 762 3288 senex
786 3223 973 3308 Adelpl10n3
1001 3261 1042 3270 ——
1067 3225 1145 3289 item
1170 3223 1255 3308 apud
1279 3221 1456 3290 Caecilium

355 3345 382 3386 v.
407 3324 481 3408 216,
505 3327 677 3392 Afranium
699 3352 729 3394 v.
752 3331 827 3414 413,
850 3329 1060 3414 Anonymum
1079 3353 1109 3414 p.
1128 3331 1171 3394 99
1190 3329 1295 3414 Ribb.‚
1318 3329 1397 3393 item
1420 3333 1457 3393 ut

354 3429 480 3495 videtur
503 3434 588 3517 apud
608 3433 767 3500 Naevium
787 3459 815 3502 ν.
834 3437 853 3502 6
873 3458 903 3522 p.
923 3439 951 3502 5.
990 3435 1052 3519 [Of.
1071 3437 1188 3521 Opusc.
1206 3435 1238 3501 Il
1263 3459 1293 3520 p.
1314 3436 1379 3500 343
1394 3438 1453 3520 sq.]

308 3535 526 3616 Δημήτριος
550 3541 785 3608 Demetrius:
810 3566 920 3610 servus
940 3541 990 3630 (ut
1008 3543 1158 3630 videtur),
1180 3541 1380 3608 Baeohidum
1398 3541 1455 3626 IV,

353 3643 382 3725 8,
407 3645 446 3708 'll
472 3641 581 3732 (912),
604 3659 806 3734 'quamquam
836 3651 883 3716 ihi
914 3651 952 3715 de
980 3655 1072 3734 patre
1101 3651 1209 3736 potius
1233 3649 1292 3714 Ed.
1315 3647 1455 3712 Meierus

353 3749 477 3834 cogitat
514 3755 770 3820 commentarioli
809 3758 868 3821 sub
900 3756 1051 3836 Λιπάρων
1088 3755 1330 3822 commemorati
1363 3779 1393 3840 p.
1425 3754 1455 3819 V

356 3853 486 3938 [Opuso.
501 3859 588 3922 acad.
604 3859 636 3923 II
656 3883 686 3944 p.
701 3861 790 3942 335}
807 3899 848 3909 -
863 3861 986 3926 Fabula
1001 3884 1073 3927 cum
1088 3861 1204 3927 Naevii
1223 3867 1292 3928 tum
1307 3861 1455 3946 Turpilii.

352 3959 516 4044 Frequens
545 3965 612 4028 sive
641 3989 806 4032 servorum
835 3968 902 4032 sive
929 3967 1120 4033 libertorum
1147 3991 1263 4035 nomen
1294 3969 1392 4034 etiam
1421 3969 1455 4032 in

353 4065 617 4150 inscriptionibus
640 4071 761 4136 latinis.

309 4173 557 4254 Δημοςθένης
585 4175 868 4243 Demosthenes
893 4177 1173 4270 (Danosrraasp
1207 4183 1329 4248 amicus
1361 4181 1456 4267 senis,

322 4295 326 4306 '
353 4280 524 4348 Asinariae
547 4281 587 4365 V,
611 4284 641 4368 2,
670 4285 709 4348 16
734 4281 836 4372 (866).
877 4285 986 4352 Etiam
1010 4287 1042 4352 in
1067 4289 1173 4354 titulis
1197 4289 1308 4354 latinis
1332 4289 1453 4374 aliquo·

352 4386 447 4470 tiene,
470 4391 506 4452 ut
529 4388 553 4453 I.
576 4389 614 4454 R.
637 4389 677 4455 N.
705 4391 776 4456 147.
800 4391 874 4458 814.

309 4492 505 4572 Δημοφῶν
529 4493 716 4580 Demipho
736 4495 917 4584 (DasrrPO):
942 4523 1037 4564 senex
1062 4499 1232 4588 Cistellam,
1251 4499 1453 4586 Mercatoris,
