3274 5114
619 411 907 462 couuaurrnrve.
1268 391 1333 456 239

189 560 238 620 est
270 557 344 621 fidei
377 557 535 622 librorum
562 557 642 620 satis
670 557 793 622 factum
822 557 876 641 qui
901 557 938 621 de
963 552 1238 638 praepositionem
1267 573 1334 614 om-

188 685 245 728 nes
273 666 393 728 tenent
439 661 524 726 Hinc
552 662 653 748 igitur
679 663 844 747 proiectus
868 660 1055 745 Schopenus
1083 659 1195 724 subtili
1222 664 1259 723 ut
1285 680 1334 722 so-

189 770 240 844 let,
268 769 387 834 iudicio
411 767 557 834 Suetonii
584 791 716 836 manum
741 770 787 835 sic
811 774 862 834 est
885 769 1071 834 adsecutus:
1113 766 1269 832 Volcatius
1296 767 1335 829 in

190 876 488 941 dinumeratione
514 877 653 940 omnimo
681 874 714 942 h.
740 897 766 940 e.
797 875 869 940 ‘ubi
903 874 1015 939 ordine
1048 895 1106 938 suo
1135 895 1246 938 omncs
1280 894 1335 936 sex

191 981 362 1047 recenset'.
411 981 497 1046 Nam
529 980 614 1065 quod
647 981 768 1046 omissa
799 981 1038 1064 praepositione
1065 979 1210 1063 potuisse
1238 979 1336 1043 etiarn

191 1090 433 1154 dinumeratione
460 1088 523 1153 dici
551 1088 740 1172 simpliciter
762 1087 902 1153 Rotbius
931 1087 993 1152 sibi
1020 1087 1182 1170 persuasit
1208 1108 1238 1170 p.
1265 1087 1337 1168 180,

192 1197 230 1262 de
254 1219 291 1261 eo
314 1195 432 1260 fefellit
455 1217 528 1259 eum
551 1195 675 1279 opinio:
698 1217 757 1260 neo
781 1196 954 1280 quicquam
977 1193 1115 1258 alienius
1143 1214 1239 1277 quam
1268 1192 1338 1274 qui·

192 1303 251 1368 bus
284 1303 387 1367 utitur
419 1302 575 1385 exemplis
604 1301 745 1384 ‘labello',
778 1299 998 1384 ‘praefatione'
1027 1304 1060 1364 et
1088 1321 1169 1382 quae
1197 1301 1273 1363 sunt
1295 1298 1336 1362 si·
1368 1281 1381 1302 ’

192 1410 299 1486 milia,
327 1409 455 1494 quando
483 1429 543 1472 nec
566 1408 650 1473 liber
672 1431 732 1473 nec
755 1413 844 1473 certe
867 1431 942 1492 pars
965 1408 1041 1472 libri
1063 1406 1115 1470 vel
1138 1406 1255 1470 iunctis
1279 1403 1336 1468 ‘di-

191 1517 364 1581 numeratio
386 1515 537 1580 omninm'
561 1516 670 1580 verbis
692 1517 744 1580 vel
768 1515 906 1599 simplici
926 1510 1155 1580 ‘dinumeratio'
1178 1511 1336 1576 vocabulo

194 1623 349 1706 appellari
380 1623 496 1706 potuit
526 1659 567 1669 -
596 1621 748 1688 Ceterum
767 1615 875 1707 'quem
909 1621 976 1686 veri
1009 1619 1260 1684 dissimillimum
1288 1622 1338 1681 est

192 1728 232 1792 de
265 1728 506 1794 enumeratione
534 1727 720 1792 fabularum
747 1732 1002 1792 commentatum
1029 1747 1112 1806 esse,
1140 1726 1168 1789 ia
1192 1724 1338 1807 profecto

192 1836 289 1919 longe
322 1835 421 1900 etiam
453 1833 617 1899 difficilius
649 1835 797 1899 credetur
828 1837 865 1900 de
895 1833 1139 1899 remuneratione
1165 1829 1337 1896 earundem

194 1941 303 2006 dedita
326 1963 425 2024 opera
442 1942 641 2024 exposuisse:
666 1963 764 2026 quam
782 1940 976 2006 Mommseni
996 1939 1213 2005 coniecturam
1231 1938 1251 2002 l.
1271 1959 1295 2001 s.
1314 1959 1339 2001 s,

194 2048 334 2114 Rothius
365 2047 639 2112 commemoravit.
685 2046 753 2112 Nec
780 2052 910 2131 praeter
933 2069 1031 2112 unam
1054 2045 1246 2111 Eunuchum
1269 2063 1340 2126 pro·

194 2154 302 2220 babile
331 2159 381 2218 est
409 2154 540 2218 omnino
567 2155 732 2236 proditum
760 2177 829 2218 esse
857 2155 1032 2219 memoriae
1060 2157 1093 2216 et
1121 2153 1160 2216 ad
1192 2155 1339 2234 posteros

194 2266 428 2345 propagatum,
460 2260 623 2345 quodnam
656 2285 676 2327 a
703 2263 851 2327 ludorum
880 2261 1082 2327 curatoribus
1110 2258 1249 2343 pretium
1277 2257 1340 2320 sin-

108 2408 111 2414 ·
197 2368 293 2452 gulae
316 2366 444 2432 fabulae
468 2367 680 2450 Terentianae
704 2368 905 2433 meruissent

284 2471 360 2554 Peg.
385 2473 451 2548 208,
475 2474 494 2538 2
517 2473 602 2558 quod
625 2474 773 2538 inlibris
797 2480 831 2538 et
852 2475 984 2558 optimis
1008 2477 1041 2538 et
1063 2471 1209 2556 plurimis
1231 2469 1340 2554 prodi·
1355 2493 1394 2533 sn

196 2584 266 2644 tum
296 2582 345 2644 est
374 2579 529 2644 menuctus
551 2581 673 2662 quidm
696 2581 742 2646 bis
764 2581 904 2646 duecte
927 2585 986 2662 est,
1015 2579 1198 2643 rectissimo
1221 2577 1340 2641 iudicio

198 2685 402 2749 Burmannus
431 2686 739 2772 Oudendorpiusque
771 2691 1004 2771 perspexerunt
1035 2686 1116 2750 nihil
1150 2685 1238 2749 aliud
1271 2707 1341 2775 esse

197 2793 259 2857 nisi
282 2792 344 2857 ‘bis
368 2793 507 2876 singulis
531 2792 657 2858 diebus'
681 2795 731 2858 vel
750 2793 896 2858 ‘cottidie
914 2791 990 2858 bis':
1013 2791 1046 2856 id
1066 2791 1152 2874 quod
1171 2796 1250 2855 satis
1270 2813 1341 2854 cum

199 2899 335 2963 aliorum
368 2902 438 2962 tum
470 2899 572 2982 ipsius
601 2897 747 2965 Suetonii
780 2900 936 2984 exemplis
968 2898 1125 2982 probatur
1157 2898 1198 2962 ab
1230 2898 1342 2961 eodem

198 3003 425 3086 Oudendorpio
445 3005 633 3088 compositis
652 3007 686 3070 in
704 3005 761 3071 vit.
776 3005 899 3071 Galbae
919 3027 945 3070 c.
959 3008 980 3069 4
996 3009 1029 3070 et
1047 3004 1076 3069 d.
1091 3004 1233 3090 Augusti
1248 3027 1274 3070 c.
1291 3005 1343 3088 31,

198 3112 288 3177 velut
316 3132 389 3175 cum
413 3108 540 3176 ‘liberti
564 3111 712 3196 seruique
735 3112 781 3176 bis
804 3113 853 3176 die
874 3111 1062 3196 frequentes
1085 3108 1213 3176 adesse'
1237 3111 1343 3174 dieun-

198 3221 264 3302 tur,
291 3218 343 3282 vel
367 3216 570 3300 ‘compitules
593 3216 693 3282 Lares
716 3217 762 3283 bis
784 3237 867 3283 anno
891 3215 1011 3282 ornari'
1035 3222 1069 3280 et
1091 3239 1173 3301 quae
1196 3221 1272 3281 sunt
1295 3239 1343 3281 ee·

198 3328 270 3388 tera
293 3343 426 3406 prorsus
450 3323 577 3404 parilia.
622 3324 658 3388 Id
682 3329 790 3389 autem
814 3346 887 3390 cum
911 3323 1087 3389 absurdum
1110 3329 1196 3388 esset
1214 3323 1252 3388 de
1271 3329 1344 3388 ecta

199 3427 358 3494 Eunucho
382 3427 453 3508 dici,
477 3428 596 3492 mirum
618 3451 684 3494 non
708 3435 759 3494 est
781 3430 820 3494 de
844 3430 988 3494 eicienda
1005 3431 1055 3494 die
1072 3451 1151 3494 voce
1169 3433 1245 3514 post
1263 3430 1345 3494 alios

199 3556 250 3600 me
275 3555 402 3618 quoque
421 3535 552 3620 Parerg.
571 3559 601 3619 p.
620 3537 685 3601 333
709 3540 779 3601 tum
803 3538 964 3622 cogitasse
988 3558 1061 3602 cum
1080 3559 1152 3602 eam
1169 3559 1236 3602 non
1254 3538 1346 3621 potui

201 3662 268 3706 non
300 3641 428 3707 novicio
460 3642 687 3725 interpolatori
721 3643 876 3728 tribuere,
909 3644 1027 3729 quippe
1055 3665 1151 3727 quam
1178 3645 1266 3728 typis
1294 3665 1344 3707 ex-

200 3767 313 3830 pressa
331 3749 478 3830 exempla
491 3747 566 3812 inde
580 3771 600 3814 a
612 3749 758 3833 principe
773 3751 882 3815 omnia
896 3751 1098 3836 ignorarent:
1121 3753 1235 3814 contra
1248 3754 1345 3834 atque

201 3875 313 3938 reapse
333 3875 403 3919 esse
426 3876 510 3918 nunc
530 3855 638 3922 scitur.
674 3856 720 3921 Et
738 3857 901 3922 sententia
919 3855 1046 3940 quidem
1065 3855 1142 3942 quid
1161 3856 1346 3941 requireret,

201 3965 253 4024 sat
280 3964 369 4026 certo
396 3960 515 4027 indicio
544 3960 666 4028 Donati
694 3964 792 4029 verba
819 3965 973 4030 exstitere
1002 3962 1186 4029 ‘utiterum
1207 3969 1347 4048 operetur

196 4087 256 4148 pro
278 4063 383 4143 nmm',
406 4065 523 4149 quibus
546 4068 611 4147 ille,
635 4069 790 4154 quidquid
813 4069 895 4156 legit
918 4071 1002 4154 apud
1026 4069 1226 4153 Suetonium,
1249 4071 1346 4135 inter-

202 4176 346 4254 pretatus
380 4177 430 4237 est
462 4173 641 4238 verissime:
675 4175 760 4260 quod
789 4197 849 4262 ego
878 4196 980 4261 genus
1008 4177 1193 4241 universum
1220 4176 1241 4240 l.
1270 4197 1294 4240 s.
1322 4198 1347 4240 s.

203 4277 310 4342 dedita
333 4299 433 4361 opera
457 4283 643 4361 persecutus
664 4303 744 4346 sum.
780 4281 894 4367 Itaque
913 4305 986 4346 cum
1005 4283 1083 4346 olim
1102 4283 1174 4366 ipsa
1186 4303 1247 4364 pro
1264 4303 1347 4347 norm

203 4387 302 4450 verba
330 4382 533 4450 intercidisse
563 4389 638 4466 post
665 4384 711 4451 bis
734 4389 957 4472 coniecissem,
987 4390 1062 4472 post
1083 4387 1178 4452 facile
1201 4389 1348 4455 intellexi

204 4493 312 4575 potius
339 4492 406 4556 tale
436 4492 589 4574 quiddam
613 4493 768 4576 scriptum
792 4495 893 4559 luisse
918 4493 1027 4578 qualia
1051 4499 1127 4561 sunt
1149 4495 1195 4561 bic
1220 4497 1345 4577 [eodem]
