3288 5100
292 365 357 429 540
622 385 739 431 nnana
762 369 906 432 vanao's
931 375 1107 432 rusamvn

290 523 424 608 Ennius,
448 525 593 609 Ovidius,
616 524 785 592 Cornelius
802 525 949 611 Severum
974 525 1129 592 Serranus
1148 529 1233 593 eninr
1254 529 1314 613 qui,
1329 529 1437 612 sequi-

289 637 343 696 tur
367 630 398 717 (e
422 633 608 697 coniectura
632 631 761 717 Sarpii),
795 634 862 697 sive
891 635 981 698 cuius
1009 657 1126 698 nomen
1154 656 1192 700 eo
1221 635 1292 700 loco
1317 637 1434 700 substi-

289 739 453 822 tuendum,
476 762 541 804 nou
567 739 672 824 magis
696 740 834 805 fortasse
859 763 956 824 quam
980 739 1128 805 Valerius
1152 740 1286 806 Flaccus
1311 765 1330 806 a
1354 741 1435 806 Var-

289 867 367 910 rone
397 846 644 911 commemorari
674 846 793 930 potuit3
827 853 951 931 septem
980 869 1077 930 porro
1105 853 1337 912 enumerantur
1367 869 1437 912 ora·

289 955 375 1016 tores
400 955 419 1032 §
446 952 510 1016 105
525 973 585 1036 sq.:
611 949 735 1036 Cicero,
759 951 893 1018 Asinius
917 953 1038 1036 Pollio,
1064 953 1224 1037 Messalla,
1248 952 1281 1018 O.
1305 951 1437 1038 Caesar,

289 1055 435 1141 Caelius,
467 1057 598 1143 Calena,
632 1056 762 1124 Servius
786 1058 956 1144 Sulpicius.
1012 1059 1144 1125 Cassius
1179 1061 1264 1125 enim
1298 1059 1436 1126 Severus

288 1165 344 1248 qui
368 1164 514 1248 sequitur
537 1163 580 1229 ‘si
606 1165 720 1230 ceteris
745 1167 919 1231 virtutibus
943 1167 1081 1231 colorem
1106 1172 1139 1231 et
1163 1168 1357 1251 gravitatem
1382 1168 1437 1233 ad-

288 1271 431 1354 iecisset,
462 1273 628 1355 ponendus
659 1274 743 1338 iuter
774 1275 957 1356 praeoptas
986 1272 1091 1339 foret?
1146 1273 1256 1338 Verba
1284 1275 1432 1360 denique,

289 1399 371 1462 quae
401 1377 601 1444 instituendo
632 1379 770 1445 delectui
800 1380 966 1464 praefatus
997 1384 1048 1444 est
1070 1379 1308 1457 Quinctilianus
1333 1383 1352 1462 ἓ
1376 1382 1435 1446 45:

289 1483 441 1548 ‘Interim
470 1487 656 1552 summatim
685 1485 762 1570 quid
795 1491 828 1550 et
855 1510 874 1550 a
903 1509 967 1571 qua
994 1487 1131 1551 lectione
1159 1489 1267 1570 petere
1296 1487 1435 1572 possint,

289 1591 344 1674 qui
373 1591 564 1656 confirmare
588 1591 777 1658 facultatem
801 1593 927 1657 dicendi
951 1593 1076 1677 volent,
1100 1591 1286 1676 attingam·
1315 1592 1437 1658 Paucos

288 1699 382 1783 enim,
406 1699 461 1783 qui
485 1704 561 1764 sunt
583 1701 830 1778 oniamtissimi,
852 1721 1006 1782 oaempere
1029 1701 1061 1763 in
1086 1699 1193 1763 animo
1220 1701 1278 1762 est.
1324 1697 1436 1764 Facile

288 1808 471 1869 astantem
496 1806 658 1889 studiosis,
681 1807 736 1890 qui
760 1807 827 1870 siut
849 1806 900 1870 his
925 1806 1083 1870 simillimi
1107 1806 1261 1887 iudicare,
1284 1827 1324 1868 ne
1349 1805 1436 1889 quis-

288 1933 386 1994 quam
405 1916 568 1994 queratur,
588 1910 724 1976 omissos
744 1910 828 1976 forte
848 1911 984 1995 aliquos,
1004 1934 1084 1996 quos
1103 1911 1173 1994 ipse
1193 1911 1287 1976 valde
1307 1913 1436 1995 probet'

289 2021 321 2080 et
344 2021 364 2097 ξ
388 2018 447 2082 57:
481 2015 566 2080 ‘Nee
594 2037 668 2080 sane
697 2017 874 2101 quisquam·
898 2021 947 2082 est
975 2021 1041 2082 tam
1070 2017 1181 2100 procul
1205 2039 1224 2080 a
1247 2019 1437 2103 cognitione

288 2144 399 2188 eorum
422 2121 620 2209 (poetarum)
645 2127 803 2208 remotus,
836 2126 960 2188 utnon
983 2123 1121 2189 indicem
1145 2127 1230 2187 eerte
1256 2145 1293 2188 ex
1317 2124 1435 2190 biblio-

287 2229 383 2294 theca
406 2233 572 2313 sumptum
596 2230 772 2293 transferre
795 2230 830 2294 in
854 2229 956 2296 libros
981 2252 1055 2296 suos
1078 2227 1198 2313 possit'
1228 2252 1335 2295 nonne
1359 2231 1437 2295 ube·

287 2337 382 2401 rioris
406 2337 506 2402 fontis
530 2336 716 2420 admonent,
740 2359 835 2422 quem
859 2341 934 2401 ante
959 2337 1070 2402 oculos
1089 2335 1240 2400 habuerit
1257 2336 1327 2420 ille,
1351 2336 1436 2403 unde

288 2467 379 2508 suam
399 2444 567 2508 materiam
587 2443 754 2528 delibaret,
773 2467 836 2528 qno
855 2444 977 2509 laetum
997 2444 1132 2528 videtur,
1150 2447 1188 2508 nt
1207 2443 1327 2508 alieubi
1346 2445 1435 2510 illius

248 2569 272 2609 ιε
288 2551 480 2634 exemplaris
504 2551 644 2636 vestigia
667 2551 852 2616 diluceant‘?
887 2551 974 2627 Quae
994 2551 1022 2614 si
1042 2551 1151 2614 omnia
1169 2550 1349 2636 collegeris,
1372 2551 1436 2616 hoc

287 2663 374 2722 certe
389 2658 515 2723 efficere
529 2657 687 2742 videntur,
710 2661 747 2722 ut
764 2679 829 2722 non
849 2658 1019 2722 fortuitam
1039 2679 1108 2722 esse
1127 2659 1252 2739 septem
1272 2657 1436 2741 pictorum

287 2763 478 2829 societatem
502 2765 680 2829 credamus.

375 2869 621 2935 Hebdomadum
645 2891 702 2953 per
725 2871 826 2936 libros
850 2870 1093 2954 dispositionem
1119 2869 1335 2934 aRitschelio
1359 2892 1433 2953 pro-

224 3039 227 3050 ,
286 2977 427 3061 positam
456 2977 551 3042 nobis
580 2999 707 3062 quoque
736 2999 932 3064 magnopere
960 2977 1092 3062 probari
1121 2978 1186 3040 iam
1210 2976 1432 3061 significatum

286 3089 346 3166 est,
370 3084 426 3148 sed
450 3089 576 3149 restant
599 3085 756 3169 quaedam
780 3085 942 3150 monenda
964 3083 1095 3148 levioris
1119 3083 1284 3148 momenti.
1322 3084 1431 3166 Atque

287 3189 417 3254 Graecis
445 3193 478 3254 et
500 3191 656 3256 Romanis
684 3192 864 3257 illustribus
897 3191 1033 3255 totidem
1061 3189 1163 3254 libros
1191 3211 1309 3274 eosque
1339 3189 1433 3253 alter·

285 3301 400 3360 nautes
424 3295 604 3362 Varronem
627 3298 780 3363 tribuisse
804 3299 914 3382 utique
937 3317 1049 3360 verum
1073 3317 1142 3360 esse
1166 3299 1310 3379 apparet.
1345 3280 1435 3360 Nam

286 3403 314 3466 si
329 3403 415 3467 intra
429 3403 524 3467 unius
543 3404 620 3468 libri
638 3404 856 3470 hebdomades
872 3404 1012 3468 Graecos
1029 3403 1256 3486 Romanosque
1275 3401 1434 3466 voluisset

286 3508 570 3593 comprehendere,
603 3513 637 3573 et
658 3509 895 3574 hebdomadum
919 3513 953 3573 et
976 3509 1056 3574 adeo
1080 3507 1261 3594 imaginum
1285 3507 1433 3590 utrisque

285 3615 478 3684 tributarum
504 3639 657 3681 numerus
681 3617 861 3702 inaequalis
885 3637 1038 3682 evasurus
1062 3619 1157 3698 esset,
1181 3637 1244 3699 quo
1269 3614 1431 3678 concinni-

286 3724 364 3788 tatis
389 3725 452 3808 legi
477 3725 627 3809 religiose
651 3724 841 3788 observatae
865 3723 1092 3787 detrimentum
1117 3721 1286 3785 afferretur
1308 3719 1432 3806 gravis·

164 3889 167 3896 .
287 3831 413 3894 simum.
463 3829 578 3916 ltaque
604 3831 686 3895 nihil
715 3835 863 3915 superest
893 3829 956 3894 nisi
983 3829 1059 3910 hoc,
1092 3831 1128 3891 ut
1156 3827 1301 3911 integros
1331 3825 1433 3890 libros

286 3943 436 4020 septenos
460 3935 593 4001 Graecis
621 3937 806 4021 permiserit
833 3935 1034 4020 totidemque
1058 3955 1132 3998 eum
1155 3933 1206 3997 his
1231 3933 1432 3997 alternantes

263 4044 449 4124 Romanis.
496 4043 693 4108 Graecorum
716 4065 792 4108 vero
816 4046 849 4106 et
871 4042 1091 4108 Romanorum
1116 4040 1369 4124 appellationem
1392 4059 1431 4104 eo

285 4151 435 4216 dilatavit
448 4149 645 4216 Ritsohelius
665 4173 694 4234 p.
710 4149 783 4232 VII,
802 4153 839 4214 ut
857 4172 917 4234 pro
930 4149 997 4213 illis
1010 4148 1129 4213 rectius
1145 4151 1280 4228 exteros,
1299 4166 1359 4228 pro
1378 4144 1432 4209 his

285 4257 388 4323 ltalos
407 4257 605 4324 substituere
625 4257 745 4321 mallet.
769 4254 829 4321 Oui
848 4256 895 4321 rei
913 4259 1024 4320 tamen
1042 4255 1103 4320 hoe
1118 4252 1281 4320 adversari
1296 4250 1432 4334 videtur,

284 4363 368 4447 quod
391 4364 612 4448 Pythagoram
635 4363 838 4447 ‘Rheginum
863 4385 899 4427 ex
924 4360 1037 4426 Italia'
1062 4360 1160 4445 (Plin.
1177 4359 1217 4424 N.
1231 4357 1272 4424 H.
1290 4357 1432 4422 XXXIV

286 4466 387 4554 559)
420 4470 503 4532 inter
536 4469 733 4534 Graecorum
766 4467 998 4534 statuariorum
1030 4465 1261 4532 hebdomadem
1292 4466 1430 4530 relatum
