3228 5098
315 391 358 456 80
663 390 1107 464 aro-mamooasrurscnas

357 551 408 616 uis
432 553 475 616 sit
498 553 539 618 ab
563 543 815 640 indiligentem
838 581 903 624 nou
927 559 1100 624 admodum
1124 557 1251 622 erudito
1275 557 1385 622 scriba
1408 579 1464 623 er-

357 663 465 724 aratus
494 661 579 725 liber
605 662 675 747 ille,
703 685 809 729 meam
836 669 947 730 tamen
975 665 1201 730 assiduitatem
1229 668 1326 749 atque
1355 668 1463 730 atten-

356 767 480 832 tionem
503 790 599 855 saepe
621 791 687 834 non
706 793 821 854 parum
841 773 974 837 adiuuit.
1007 771 1114 856 Atque
1134 793 1194 857 ego
1214 770 1463 858 Norimbcrgae,

356 895 428 938 cum
447 896 511 966 ¹vna
530 896 683 961 essemus,
701 877 874 944 Ecbanum
893 877 1043 962 Hcssum,
1058 876 1168 965 (quem
1188 882 1224 944 tu
1245 883 1320 944 ante
1338 881 1462 946 multos

356 1003 458 1046 annos
481 981 610 1066 Lipsiae
637 1005 801 1050 reuersum
830 1008 847 1050 e
870 986 1004 1051 Prassia
1026 990 1059 1050 et
1081 986 1223 1051 dilexisti
1246 988 1338 1053 vnice
1361 992 1396 1052 et
1419 989 1462 1053 fe·

356 1089 430 1154 cisti
458 1089 606 1177 maximi)
634 1091 721 1158 hunc
746 1093 849 1178 igitur
875 1094 976 1159 habui
1006 1099 1039 1158 et
1063 1095 1186 1160 socium
1209 1094 1333 1160 laboris
1356 1095 1462 1180 istius,

356 1200 389 1260 et
417 1219 507 1263 meae
530 1199 710 1265 industriae
734 1201 997 1286 approbatorem,
1025 1204 1058 1266 et
1081 1201 1309 1268 admiratorem
1333 1224 1461 1287 quoque

357 1304 391 1368 in
414 1304 477 1370 hoc
501 1325 619 1390 genere
642 1306 804 1372 solertiae.
847 1306 986 1392 Operam
1010 1312 1120 1374 autem
1143 1307 1218 1372 huie
1241 1309 1460 1375 emendationi

355 1411 550 1498 impensam,
581 1413 743 1498 ducerem,
772 1418 809 1480 ut
832 1436 944 1480 verum
966 1413 1085 1500 fatear,
1112 1416 1262 1499 nimiam,
1288 1415 1353 1480 nisi
1377 1417 1460 1481 mihi

355 1541 545 1604 persuasum
570 1525 670 1608 esset,
692 1523 874 1608 neglectam
897 1522 1053 1587 hactenus
1077 1523 1249 1587 lectionem
1273 1527 1458 1589 accuratam

355 1626 542 1693 huiusmodi
566 1632 742 1714 auctorum,
765 1628 944 1695 discentum
970 1631 1028 1711 [so]
1050 1629 1157 1694 studia
1175 1629 1370 1715 impediisse,
1393 1651 1457 1714 quo

355 1733 460 1800 minus
493 1735 727 1820 proprietatem
759 1735 888 1822 linguae
921 1735 1059 1802 Latinae
1092 1739 1226 1820 possent
1255 1758 1458 1823 cognoscere.

356 1841 418 1908 Est
446 1845 553 1908 autem
582 1862 656 1927 spes
684 1843 767 1937 milri
794 1843 883 1909 faeta
911 1844 1044 1909 alterius
1071 1845 1204 1929 insuper
1230 1845 1371 1929 exempli
1397 1843 1458 1909 Co

355 1949 554 2014 mcediarum
577 1949 694 2036 Plauti,
718 1951 773 2035 qui
798 1953 856 2033 [so]
880 1972 898 2016 e
917 1951 1090 2017 Britannia
1108 1949 1270 2036 afferetur,
1293 1951 1380 2037 quod
1397 1951 1457 2017 hoc
1576 1959 1577 1966 ’

358 2056 386 2120 si
409 2056 493 2122 forte
516 2057 688 2142 accideret,
711 2079 751 2122 ne
776 2059 836 2144 [so,
858 2063 934 2124 stott
955 2061 1004 2140 ut]
1030 2059 1144 2124 liceret
1166 2057 1361 2144 coniungere
1386 2080 1456 2123 cum

356 2165 422 2247 tuo,
440 2162 580 2230 fortasse
599 2165 809 2250 spectandum
828 2169 861 2230 et
875 2166 1077 2251 praeclarum
1092 2165 1191 2230 istum
1204 2165 1324 2230 librum
1338 2163 1455 2229 edituri

356 2271 467 2337 simus.
512 2270 607 2337 Hanc
637 2293 769 2356 operam
798 2275 856 2338 tua
885 2285 1004 2358 quaeso
1035 2272 1237 2358 humanitas,
1266 2272 1457 2356 repetitione

355 2376 475 2442 codicis
499 2379 556 2462 tui,
579 2401 674 2464 quem
696 2379 760 2444 tibi
783 2399 902 2465 magno
921 2381 994 2445 usui
1013 2401 1168 2446 essenon
1186 2400 1282 2463 posse
1302 2379 1390 2474 scio,
1402 2379 1457 2442 im-

356 2485 466 2568 pedire
480 2485 532 2551 vel
546 2487 737 2570 perturbare
751 2487 846 2572 nolit,
859 2487 982 2572 tibique
997 2487 1200 2572 persuadeas,
1214 2483 1341 2552 siDeus
1355 2485 1455 2551 fortu-

355 2596 412 2656 net
426 2596 560 2658 conatus
580 2615 679 2680 meos,
697 2617 756 2679 pro
776 2595 834 2659 illo
854 2599 911 2661 tuo
930 2594 1024 2660 unico
1039 2593 1192 2660 mediocri
1207 2591 1302 2676 libro,
1320 2615 1372 2656 me
1387 2613 1456 2656 esse

359 2703 560 2786 curaturum,
583 2704 620 2765 ut
643 2701 825 2786 complures
849 2701 964 2784 optimi
988 2699 1030 2766 ad
1052 2700 1216 2766 studiosos
1239 2699 1400 2764 bonamm
1423 2698 1457 2762 li·

360 2809 503 2872 terarum
527 2811 625 2893 atque
648 2807 768 2882 artium
786 2808 987 2892 perueniant,
1009 2809 1045 2872 vt
1062 2810 1098 2871 tu
1118 2828 1192 2872 cum
1210 2801 1373 2870 luculento
1392 2804 1457 2870 foe

358 2933 437 2978 nore
460 2914 700 2980 commodatum
722 2918 816 2980 tuum
839 2917 1027 2998 recepturus
1050 2934 1121 2978 esse
1145 2911 1282 2977 videare.
1327 2910 1436 2977 Vale«

404 3090 471 3158 Dar
493 3096 620 3179 grosste
643 3091 738 3158 Theil
761 3092 864 3157 dieses
887 3091 1012 3157 Briefes
1036 3090 1164 3156 bericht
1186 3089 1269 3172 sich,
1298 3089 1360 3154 wie
1383 3111 1457 3154 man

191 3247 195 3258 .
314 3197 414 3282 sieht,
446 3199 595 3264 aufden
627 3219 696 3284 sog.
730 3197 866 3264 ‘Vetus
899 3195 1032 3264 codex'
1065 3196 1121 3261 des
1153 3194 1298 3261 Plautus.
1348 3195 1458 3261 Etwas

312 3303 501 3370 wesentlich
527 3304 636 3372 Neues
669 3306 749 3371 {lber
780 3305 895 3371 dassen
923 3303 1087 3370 Herkunft
1118 3301 1183 3368 und
1211 3302 1263 3367 die
1291 3301 1368 3388 Art,
1399 3302 1458 3367 wie

313 3409 520 3478 Camerarius
543 3435 582 3478 au
604 3413 671 3478 ihm
695 3414 857 3499 gelangte,
881 3411 1031 3477 erfahren
1054 3411 1114 3476 wir
1136 3409 1244 3474 indess
1268 3395 1340 3474 hier
1360 3409 1457 3493 nicht,

313 3519 453 3584 sondern
475 3541 537 3586 nur
560 3520 632 3586 eine
655 3520 785 3587 weltere
799 3519 1018 3604 Bestauigung
1040 3519 1096 3583 des
1120 3515 1240 3582 bereits
1263 3538 1321 3581 aus
1345 3515 1456 3582 ander-

313 3626 465 3713 weitigen
483 3627 659 3694 Berichten
678 3627 885 3712 Bokannten,
909 3627 960 3691 die
979 3647 1056 3692 man
1074 3625 1173 3691 theils
1193 3645 1250 3688 aus
1270 3623 1326 3689 des
1346 3621 1457 3689 Came-

313 3735 416 3800 rarius
432 3731 594 3820 ‘Epistola
611 3732 860 3818 nuncupatoria'
875 3733 931 3798 des
946 3731 977 3798 J.
995 3732 1080 3798 1545
1103 3730 1309 3816 (wiederholt
1328 3753 1386 3796 vor
1404 3730 1459 3795 der

314 3839 469 3927 Ausgabe
491 3841 807 3927 von1552),theils
831 3863 889 3906 aus
912 3840 975 3904 den
998 3837 1219 3924 ergtnaenden
1239 3837 1400 3923 Angaben
1425 3837 1458 3900 in

314 3947 444 4012 Parcus'
456 3945 622 4012 Vorreden
636 3945 834 4033 vollsttindig
848 3945 1166 4031 zusammengestellt
1179 3943 1280 4009 findet
1293 3944 1327 4008 in
1341 3943 1459 4029 Opusc.

273 4117 275 4126 ,
313 4053 393 4140 phil.
415 4052 448 4118 II
477 4075 508 4138 p.
534 4053 597 4119 100
611 4053 643 4118 ff.
672 4052 755 4119 ‘Das
785 4051 928 4136 Nithere,
957 4075 1024 4118 was
1055 4053 1089 4118 in
1119 4050 1191 4115 dem
1214 4048 1322 4114 Briefe
1350 4050 1459 4114 hinzu-

314 4159 449 4246 lrltmmt,
471 4165 556 4226 utre
579 4182 641 4226 nur
663 4157 750 4224 dann
774 4159 874 4244 vtllig
895 4159 966 4223 lrlar
984 4183 1022 4224 zu
1042 4157 1167 4241 stellen,
1190 4177 1285 4220 wenn
1302 4155 1361 4220 wir
1380 4157 1458 4222 tiber

315 4267 378 4332 den
400 4265 601 4333 Lebenslauf
626 4265 693 4332 und
722 4265 922 4332 namentlich
953 4264 1003 4330 die
1034 4267 1165 4348 spttern
1189 4261 1375 4327 Sehielrsale
1403 4263 1458 4328 des

314 4373 430 4440 Vitus
445 4373 642 4440 Werlerus
661 4373 772 4439 besses
790 4371 1005 4438 unterrichtet
1017 4366 1169 4456 waren2).
1201 4369 1291 4434 Aber
1304 4367 1476 4434 aun‘a'chst*

387 4534 414 4600 a)
431 4517 501 4586 'rat
513 4549 566 4586 nur
580 4531 631 4586 aur
642 4531 688 4586 dia
702 4529 836 4599 ausuaga
846 4527 1063 4598 amanungus
1074 4525 1257 4582 Camerarius*
1269 4525 1413 4581 ‘resumo
1424 4524 1457 4580 aa
