3274 5114
285 350 349 418 258
676 369 713 414 m
737 369 847 418 muln
870 369 1039 416 sansacu

233 524 274 565 ⁶²0
374 507 451 591 Pag.
461 509 559 582 211.ss
581 510 616 573 tn
639 509 789 576 arclmdm
810 510 976 594 stymplratt
997 513 1064 576 stac
1082 513 1216 578 taccadtc
1235 535 1316 578 unus
1336 515 1428 577 vetus

286 613 451 680 Parisinus
475 616 629 680 servavit:
652 616 709 680 ubi
732 617 818 700 quod
841 616 942 683 libros
960 618 1104 682 novicios
1125 622 1260 700 occupat
1276 620 1350 683 stan
1368 642 1427 702 pro

285 720 363 802 stac,
390 721 472 786 nulli
499 721 571 786 usui
600 724 657 786 est.
702 721 840 787 Prorsus
869 727 902 788 et
925 723 1087 789 soloecam
1111 723 1292 788 orationem
1316 730 1350 789 et
1373 723 1446 790 ab·-

286 827 417 891 surdam
437 828 631 894 sententiam
645 827 802 892 Erasmus
820 828 1008 893 invehebat:
1032 831 1067 892 ia
1080 829 1236 894 Arandara
1249 829 1430 913 Stymphala

285 936 351 998 stuc
373 934 542 1013 Lcnaadia,
576 934 631 999 sed
663 935 749 999 idem
778 937 888 999 tamen
918 935 952 998 in
981 935 1146 998 tralaticia
1175 937 1335 1019 scriptura
1363 959 1429 1002 non

286 1061 382 1123 posse
406 1040 566 1124 acquiesci
589 1044 675 1105 recte
699 1042 809 1105 sensit.
853 1039 930 1105 Non
954 1040 1102 1124 equidem
1125 1041 1250 1125 negabo
1274 1043 1309 1106 ta
1331 1044 1430 1107 Arca-

285 1147 340 1210 aa
362 1146 537 1230 Stpamhatt
560 1146 623 1211 dici
644 1147 799 1236 potuisse,
821 1150 859 1211 ut
880 1169 994 1229 reapse
1017 1147 1143 1211 Plinius
1166 1148 1249 1211 dixit
1271 1146 1311 1212 N.
1334 1147 1375 1212 R
1395 1165 1430 1230 11,

261 1335 262 1338 Ἴ
287 1252 350 1316 227
376 1252 425 1318 ‘in
449 1258 486 1318 et
510 1252 636 1338 (fluvio)
660 1258 697 1318 ut
714 1255 749 1318 tn
763 1253 904 1318 Arcadia
917 1252 1093 1336 Stymphali
1116 1257 1312 1318 enascuntur
1334 1275 1429 1338 aqua-

288 1357 360 1452 tiles
384 1359 546 1441 musculi'‚
576 1359 629 1424 vel
659 1378 774 1444 xxxn,
800 1359 838 1423 17
869 1361 903 1424 tn
931 1359 1029 1440 chm
1051 1357 1157 1441 Myris
1186 1359 1256 1444 (ubi
1286 1360 1429 1443 disparia

287 1463 417 1528 miscuit
440 1463 616 1550 Silligiusp
640 1487 836 1550 quamquam
859 1465 1011 1530 usitatius
1035 1487 1105 1530 esse
1129 1470 1186 1529 aut
1204 1465 1378 1548 Stymphali
1394 1468 1429 1531 in

287 1570 428 1636 Arcadia
451 1572 555 1636 sentio
579 1569 863 1658 (quemadmodum
892 1571 960 1636 vita
982 1571 1201 1636 Ambrosiana
1223 1571 1366 1656 loquitur
1389 1574 1430 1638 ab

287 1675 326 1740 A.
349 1673 437 1740 Maio
466 1675 552 1742 edita
579 1677 756 1760 statana
782 1678 905 1742 decessit
931 1678 967 1741 tn
988 1673 1144 1762 Arcadia)
1173 1681 1230 1742 aut
1256 1677 1431 1760 Stymphali

286 1782 439 1846 Arcudrac
470 1782 579 1862 oppida
612 1787 668 1846 aut
701 1783 816 1847 saltem
851 1784 884 1847 ia
911 1783 1068 1847 Arcadiae
1100 1785 1209 1865 mando
1239 1783 1429 1866 Stymphale.

288 1887 410 1952 Verum
439 1888 475 1950 ta
501 1887 642 1952 Arcadia
668 1887 843 1970 Stymphali
868 1891 933 1953 sinc
955 1890 1126 1956 Lcacudm
1157 1912 1263 1956 nonne
1280 1911 1288 1920 ·
1295 1913 1428 1974 prorsus

288 1993 336 2055 ita
363 1992 473 2076 posita
501 1997 577 2058 sunt
605 1997 641 2058 ut
664 1994 858 2059 Leucadiam
886 2017 1013 2080 quoque
1042 1996 1155 2062 urbem
1184 1997 1247 2061 dici
1270 1997 1429 2063 Arcadiae

288 2097 423 2162 credas?
459 2096 573 2182 Apage
596 2099 698 2184 igitur
721 2100 895 2164 molestum
911 2099 1087 2184 Stymphali
1109 2125 1235 2186 nomen,
1259 2103 1432 2186 quod'non

289 2208 339 2268 cst
369 2204 498 2270 aliunde
521 2205 587 2270 nisi
610 2228 627 2270 e
651 2207 802 2272 carminis
825 2207 976 2274 Porciani
999 2232 1030 2294 p.
1053 2209 1118 2274 206
1143 2231 1237 2274 versu
1262 2210 1279 2272 l
1304 2209 1366 2274 huc
1390 2211 1432 2274 ab

287 2311 463 2394 interprete
486 2312 633 2397 inlatum,
656 2311 908 2401 Suetoniumque
931 2317 1126 2382 confidenter
1149 2315 1241 2380 crede
1264 2317 1311 2381 sic
1334 2318 1433 2401 scrip-

288 2417 382 2482 sisse:
415 2421 504 2484 cetat
526 2425 681 2485 mortanm
703 2441 766 2486 aesc
793 2422 828 2486 tn
851 2422 990 2488 Arcadia
1013 2425 1078 2488 stac
1100 2422 1273 2487 anamim
1295 2425 1431 2488 tradant.

288 2521 354 2588 Vbi
386 2525 525 2610 insulae,
562 2527 612 2592 vel
646 2528 825 2613 antiquitus
862 2531 1071 2614 paeninsulae
1108 2550 1228 2594 nomen
1259 2529 1433 2594 Leacadme

288 2631 533 2696 notissimorum
557 2653 705 2696 normam
729 2636 948 2719 exemplorum
971 2636 1117 2720 sequitur
1139 2655 1221 2719 quae
1245 2639 1320 2700 sunt
1338 2635 1433 2718 Opprt

288 2735 438 2820 Corcyrae
460 2737 645 2804 Chersonesi.
689 2737 759 2804 Neo
782 2742 846 2806 stac
869 2741 1037 2825 particula,
1059 2762 1119 2825 pro
1142 2763 1207 2824 qua
1229 2739 1324 2806 facile
1347 2742 1432 2825 quis-

288 2843 376 2926 piam
399 2844 449 2908 aa
472 2847 637 2928 exspectet
660 2846 794 2923 velaret,
819 2847 945 2912 ratione
965 2867 1024 2912 sna
1042 2851 1143 2929 earet;
1166 2868 1243 2910 nam
1262 2868 1334 2910 cunr
1352 2847 1432 2912 haec

290 2950 487 3032 praecedant
515 2951 549 3030 Q.
572 2950 735 3018 Cosconius
761 2953 935 3017 rcdmatcm
961 2975 977 3018 c
1000 2953 1133 3018 Graecia
1155 2953 1271 3034 praeese
1292 2953 1326 3016 in
1350 2956 1433 3018 naam

288 3056 375 3133 atat,
399 3057 463 3140 ipsi
487 3057 567 3122 mari
591 3057 657 3124 iam
681 3059 801 3141 opponi
824 3061 945 3122 terram
969 3060 1118 3142 apparet,
1141 3057 1210 3120 sive
1234 3051 1271 3122 ea
1294 3059 1434 3126 Arcadia

289 3161 352 3226 fuit
374 3163 442 3228 sive
466 3163 636 3229 Leucadia.
680 3163 771 3229 Neve
801 3165 872 3248 quis
900 3166 935 3228 tn
958 3165 1099 3229 Arcadia
1122 3164 1222 3229 verba
1244 3187 1304 3248 pro
1327 3166 1433 3230 insiti-

290 3269 348 3333 ciis
370 3269 499 3335 habeat
528 3269 746 3355 Suetonioque
774 3270 854 3335 haec
881 3271 990 3355 potius
1018 3271 1143 3336 tribuat
1168 3273 1257 3336 cctau'
1279 3278 1434 3336 amrtaum

289 3393 351 3440 csse
363 3373 537 3457 Stymplmtt
559 3377 625 3442 ciac
637 3376 810 3442 Leucadtm
832 3379 975 3442 tractant:
998 3400 1039 3443 no
1062 3377 1139 3460 quid
1161 3378 1200 3442 de
1223 3401 1338 3461 parum
1362 3401 1434 3443 con·

290 3480 386 3546 cinna
405 3482 495 3546 urbis
514 3503 587 3546 cum
605 3484 713 3548 insula
731 3485 970 3550 consociatione
989 3469 1104 3568 dicam,
1122 3489 1253 3569 praesto
1272 3487 1330 3567 est,
1344 3485 1434 3548 cuius

290 3656 443 3712 veniarum
467 3656 541 3711 enim
565 3657 846 3728 l.vnp.184,12:
873 3661 922 3714 aaa
939 3657 1020 3728 spes?
1047 3660 1078 3712 in
1096 3657 1299 3726 pateraacalo?
1327 3659 1434 3713 nattam
1551 3675 1553 3680 ·

290 3751 335 3800 est.
363 3747 395 3800 ta
413 3745 547 3816 raatpto?
565 3763 604 3800 nc
621 3747 679 3800 troc
697 3748 804 3816 quidem
822 3753 868 3804 est.
896 3749 928 3802 tn
942 3745 1055 3802 comite?
1074 3761 1151 3800 mato
1168 3751 1291 3815 repertas
1309 3753 1347 3802 ea
1364 3765 1434 3802 aaa·

289 3833 366 3902 [rapi
389 3851 479 3890 carna
518 3836 550 3889 tn
572 3833 652 3889 ueto?
681 3835 712 3888 tn
740 3833 819 3889 arte?
848 3836 941 3890 omnia
959 3851 1048 3903 paene
1070 3835 1253 3888 imtrnarcata
1275 3837 1435 3891 circmnaaa

290 3925 355 3974 runt
377 3951 420 3990 -‚
448 3922 516 3990 qnid
543 3921 599 3976 sibi
625 3922 698 3977 velle
724 3924 756 3976 tn
781 3929 839 3978 arto
864 3925 951 3992 dices,
980 3923 1029 3978 ubi
1054 3923 1088 3977 de
1111 3922 1303 3978 instrumentis
1325 3933 1434 3980 sermo?

292 4007 450 4078 Scripserat
469 4007 575 4064 Seneca
592 4009 623 4063 tn
641 3991 722 4064 mlo?
748 4013 779 4064 in
798 4009 987 4066 artemone?
1006 4013 1098 4067 anania
1117 4042 1159 4066 -.
1197 4013 1270 4066 Nam
1289 4011 1398 4067 differre
1417 4031 1435 4068 a

291 4099 354 4152 velo
376 4101 549 4154 artemonem
573 4100 688 4153 constat.
726 4097 764 4152 Et
785 4099 817 4152 in
840 4103 898 4153 arte
920 4099 952 4153 tn
974 4099 1067 4154 omniu
1089 4099 1193 4154 habore
1217 4100 1303 4154 codex
1322 4099 1434 4156 Bruxel-

292 4187 377 4241 lensis
396 4186 514 4243 videtur.
551 4187 657 4242 Eadem
677 4203 762 4256 opera
780 4187 888 4241 leviora
906 4187 1013 4256 counge
1032 4187 1159 4257 finitima,
1178 4189 1273 4258 paullo
1292 4191 1358 4242 ante
1378 4195 1433 4244 ut!

291 4275 359 4344 quid
384 4291 497 4330 acanus
521 4277 594 4345 qaod
616 4275 800 4344 inpunitatem
823 4276 910 4342 fratri
934 4276 1065 4342 dederim,
1089 4293 1181 4346 quom
1206 4277 1266 4342 sato
1290 4277 1435 4331 comitiam

291 4379 378 4418 mm
395 4365 499 4418 nictum
517 4365 566 4418 sit:
585 4363 654 4418 item
672 4361 768 4432 paullo
787 4365 850 4431 post
867 4381 892 4417 v.
912 4369 946 4417 20
960 4380 1114 4432 poenarum
1131 4365 1190 4418 ains
1204 4379 1273 4432 pars
1291 4369 1351 4430 eet,
1369 4383 1435 4420 non

293 4457 340 4508 cst
358 4453 496 4522 nuquitiae
513 4467 590 4521 opna
628 4451 683 4506 Sed
701 4449 770 4504 talia
789 4450 973 4522 corrigentem
992 4453 1051 4508 dics
1069 4451 1188 4507 deficiat.
