3302 5106
662 407 917 456 noersroarcrs.
1297 387 1363 453 415

219 553 417 636 eundemque
437 549 592 617 Calenum
615 555 711 634 recte,
734 555 771 615 ut
794 549 1000 635 arbitramur,
1023 547 1236 613 Schneiderus
1260 548 1280 611 l.
1296 571 1319 612 s.
1337 570 1362 611 s.

220 683 250 743 p.
265 659 331 724 235
354 660 481 724 rettulit
504 657 646 742 Appiani
670 657 709 722 dc
733 659 763 723 b.
778 659 838 722 civ.
851 655 909 743 IV,
919 657 961 722 47
986 656 1094 740 verba,
1118 654 1235 739 quibus
1250 653 1363 738 Varro,

220 789 239 830 a
262 765 442 830 triumviris
471 789 499 829 a.
523 767 588 830 710
611 765 824 849 proscriptus,
855 755 1006 830 narratur
1029 788 1048 828 a
1072 761 1192 828 Caleno
1216 764 1363 826 servatus

219 895 299 957 esse,
317 873 351 936 in
370 873 460 936 cuius
478 873 558 938 villa
577 872 768 936 delituisset.
785 909 825 916 -
840 871 1065 936 Laterensis
1085 871 1148 934 etsi
1167 869 1236 934 fieri
1256 873 1364 953 potest

220 985 256 1044 ut
283 979 326 1044 M.
350 979 514 1044 Iuventius
543 979 704 1064 cogitetur
728 977 954 1061 Caesarianus,
985 983 1095 1043 tamen
1123 977 1242 1041 rectius
1271 981 1363 1060 puta-

219 1087 308 1152 bitur
331 1087 428 1171 longe
451 1085 509 1150 illo
532 1085 641 1149 notior
654 1083 697 1150 M.
711 1084 879 1148 Iuventius
894 1083 1076 1148 Laterensis
1096 1088 1228 1168 praetor
1247 1107 1275 1148 a.
1290 1083 1364 1165 702,

221 1191 348 1278 dequo
372 1193 495 1256 multus
518 1190 630 1256 Cicero
654 1191 688 1254 in
711 1190 896 1255 Planciana.
919 1229 961 1236 —
985 1191 1154 1256 Postremo
1178 1188 1365 1256 Scaevola
1401 1227 1461 1256 ·····
1469 1203 1473 1212 '
1488 1191 1550 1254 ιΐυὲ

219 1299 272 1364 vix
292 1300 394 1384 estin
413 1298 645 1365 illustrioribus
665 1297 731 1362 illis
750 1295 866 1362 Muciis
886 1295 1047 1362 Scaevolis
1067 1299 1265 1381 quaerendus
1284 1303 1363 1363 natu
1395 1303 1424 1374 ,'›·
1438 1285 1476 1338 ‘⁴9
1485 1285 1498 1340 3
1515 1280 1541 1338 ⁴¹·
1557 1282 1569 1334 '¹

221 1406 390 1492 aliquanto
414 1405 597 1490 maioribus,
621 1404 677 1470 sed
701 1405 729 1469 si
753 1405 829 1488 quid
855 1403 947 1468 video
972 1403 1007 1480 Q.
1022 1403 1148 1469 Mucius
1173 1405 1208 1482 Q.
1223 1405 1257 1470 F.
1272 1404 1308 1481 Q.
1324 1404 1363 1469 N.

220 1511 435 1597 accipiendus,
457 1512 607 1578 tribunus
631 1534 660 1576 a.
683 1512 763 1596 699,
787 1511 823 1588 Q.
847 1509 1012 1576 Ciceronis
1037 1511 1072 1575 in
1095 1511 1176 1577 Asia
1197 1512 1365 1597 provincia

220 1641 326 1684 comes
350 1641 378 1684 a.
402 1619 476 1703 694,
499 1623 614 1704 postea
637 1639 741 1703 augur
763 1619 870 1684 factus
894 1641 921 1684 a.
946 1618 1019 1682 704.

309 1725 430 1802 Quodsi
458 1725 494 1788 in
516 1725 631 1791 horum
656 1747 736 1808 quos
760 1725 980 1790 recensuimus
1003 1724 1173 1789 hominum
1196 1723 1281 1787 vitas
1305 1724 1364 1787 ali-

219 1835 341 1916 quanto
364 1833 552 1917 diligentius
572 1831 756 1915 inquisieris
775 1854 873 1916 quam
892 1832 986 1897 nobis
1004 1852 1091 1896 nunc
1110 1835 1160 1894 cst
1178 1851 1365 1894 concessum

219 1961 278 2022 pro
306 1940 431 2005 consilii
460 1940 564 2005 nostri
592 1940 719 2005 ratione
747 1939 881 2024 ipsaque
908 1939 970 2005 hac
998 1938 1157 2004 scribendi
1187 1939 1365 2020 occasione,

220 2049 423 2112 memorabili
453 2047 718 2112 documentorum
748 2052 781 2112 et
803 2047 1010 2112 multitudine
1034 2051 1067 2111 ct
1090 2047 1248 2111 varietate
1271 2045 1363 2109 intel-

218 2153 320 2238 leges,
348 2177 446 2238 quam
474 2155 617 2220 diversas
646 2155 782 2239 ipsoque
805 2155 947 2238 partium
971 2153 1079 2218 studio
1103 2153 1260 2218 discretas
1285 2153 1364 2216 ami-

220 2261 314 2325 citias
338 2283 396 2344 per
415 2261 601 2326 diuturnum
621 2262 707 2326 vitae
727 2283 855 2325 cursum
870 2259 976 2323 Varro
997 2259 1147 2323 coluerit:
1172 2261 1363 2343 praesertim

219 2369 274 2434 ubi
298 2391 410 2433 eorum
432 2368 566 2433 nomina
589 2367 767 2448 addideris,
790 2364 905 2446 quibus
930 2364 981 2427 rel
1005 2364 1179 2447 ampliores
1204 2387 1363 2430 commen·

221 2475 323 2538 turios
346 2473 523 2556 inscripsit,
547 2475 584 2535 ut
607 2469 764 2552 Ciceroni,
787 2469 951 2554 Pompeio,
975 2466 1118 2554 Caesari,
1142 2469 1176 2537 P.
1196 2471 1364 2555 Septimio,

219 2579 382 2660 Marcello,
404 2577 536 2660 Liboni,
559 2577 658 2641 Accio
682 2575 735 2662 (de
759 2597 822 2658 quo
847 2575 925 2640 alibi
949 2575 1101 2664 dicetur),
1132 2578 1183 2643 vel
1207 2578 1363 2662 epistulas

220 2685 311 2748 misit
333 2688 370 2748 ut
392 2681 441 2769 (C.
464 2681 597 2770 Epidio)
621 2682 769 2766 Marullo,
793 2680 959 2769 (Claudio)
983 2683 1115 2769 Neroni,
1139 2683 1205 2750 Ser.
1220 2685 1364 2769 Sulpicio

219 2789 358 2877 (Galbae
374 2813 415 2854 an
428 2787 562 2874 Rufo‘i),
580 2787 681 2854 Fabio
696 2787 837 2874 (Sangae
853 2811 895 2853 an
908 2789 1052 2856 Maximo
1072 2813 1112 2856 an
1127 2790 1317 2875 Vergiliano
1324 2791 1363 2877 d).

220 2895 313 2972 Quod
336 2919 432 2962 omne
456 2894 551 2979 quale
575 2895 619 2960 sit
641 2899 675 2960 et
698 2917 795 2979 quam
814 2897 881 2960 vim
905 2896 1025 2962 habeat
1048 2897 1089 2962 ad
1113 2902 1200 2962 recte
1223 2897 1364 2962 iudican-

219 3003 277 3068 dos
300 3003 459 3070 Varronis
488 3025 594 3068 mores
623 3006 655 3066 et
682 3002 861 3088 ingenium,
894 3026 958 3068 non
987 3005 1056 3069 sine
1079 3005 1186 3070 fructu
1210 3027 1363 3090 quaerere

218 3133 314 3196 posse
337 3109 500 3195 videmini,
524 3109 551 3174 si
575 3110 631 3194 qui
653 3110 781 3176 naviter
804 3110 921 3175 voletis
944 3110 978 3174 in
1001 3109 1086 3176 hanc
1109 3111 1363 3196 disputationem

218 3218 412 3284 incumbere.
442 3253 483 3264 —-
511 3217 686 3283 Praeterea
708 3239 808 3282 unum
832 3220 940 3282 exstat
963 3217 996 3282 in
1020 3217 1178 3284 librorum
1202 3220 1362 3284 indicibus

218 3323 497 3390 Varronianorum
511 3347 630 3391 nomen
644 3323 784 3389 Romani
798 3324 950 3409 hominis,
964 3325 1060 3409 idque
1076 3326 1155 3391 adeo
1171 3348 1362 3412 cognomen:

217 3429 381 3508 Soranus,
404 3453 468 3515 quo
487 3452 554 3494 non
572 3430 785 3495 dubitandum
804 3431 881 3515 quin
901 3429 1244 3498 cluniasenses
1263 3435 1362 3519 signi-

217 3537 341 3601 ficetur.
387 3533 454 3626 Sed
477 3535 511 3600 id
538 3541 649 3600 minen
676 3541 710 3600 et
737 3559 756 3601 a
782 3537 1045 3622 logistoricorum
1074 3541 1229 3606 societate
1258 3543 1362 3606 seiun-

219 3641 359 3726 gendum
384 3665 454 3708 esse
473 3643 563 3707 etde
582 3641 682 3707 satira
700 3643 810 3726 potius
829 3645 1116 3730 interpretandum,
1139 3669 1212 3712 cum
1232 3649 1362 3732 gemina

219 3749 388 3832 inscriptio
409 3769 525 3834 graeca
544 3752 734 3834 argumento
755 3753 804 3814 est
827 3751 899 3828 περὶ
918 3749 1136 3830 ἀρχαιρεειῶν,
1159 3757 1229 3817 tum
1252 3775 1362 3819 nume·

219 3877 329 3920 rorum
352 3857 386 3920 in
409 3856 533 3921 duobus
557 3855 750 3940 fragmentis
773 3856 930 3942 vestigia,
953 3858 1038 3941 apud
1061 3857 1204 3924 Nonium
1228 3883 1259 3944 p.
1282 3861 1361 3926 259:

218 3964 247 4027 e't
270 3967 372 4045 petere
400 3963 565 4045 imperirim
590 3963 701 4046 pepedi
729 3963 759 4028 e't
781 3964 965 4030 conamen
995 3963 1139 4032 tonde·
1176 3965 1362 4051 ibidemque

219 4093 250 4154 p.
273 4070 353 4136 455:
384 4074 520 4134 roseum
542 4068 750 4151 prdtmdendo
772 4049 953 4136 iacc'aicrcnt
975 4069 1036 4156 (sic
1059 4073 1147 4138 enim
1170 4095 1243 4138 cum
1266 4073 1361 4139 Iunio

218 4176 422 4244 scribendum
446 4173 601 4260 videtur),
628 4177 745 4260 quibus
774 4177 878 4243 exitus
907 4179 945 4242 fit
972 4179 1041 4244 sive
1064 4181 1181 4245 sensui
1206 4181 1273 4245 sive
1296 4185 1361 4246 tro·

219 4285 322 4350 chaici
346 4283 531 4368 septenarii.

307 4389 469 4475 Tempora
492 4389 520 4453 si
543 4389 719 4455 lustramus
743 4413 854 4457 eorum
877 4392 1057 4478 hominum,
1088 4393 1204 4480 quibus
1228 4394 1361 4481 logisto-

218 4497 303 4562 rieos
327 4498 500 4582 inscriptos
523 4495 801 4583 deprehendimus,
823 4500 970 4584 proximo
993 4499 1027 4565 in
1045 4503 1361 4588 utramquepartem
