3274 5114
545 426 757 474 salemum
781 425 968 474 resumas.
1268 403 1330 471 189

188 568 410 654 Polybadisce.
455 569 497 635 B.
525 571 630 635 meam
654 591 744 655 spem
768 570 863 655 cupio
887 567 1053 654 consequi:
1077 565 1201 654 Sequor
1222 567 1330 632 hercle

187 698 254 742 cum
273 675 418 762 quidem:
437 677 515 740 nam
528 677 669 743 libenter
684 678 756 742 mea
769 679 900 761 sperata
913 674 1112 761 cdnsequor.'
1140 675 1185 741 Et
1198 673 1330 760 egregie
1350 715 1351 719 =

189 783 319 868 quidem
343 783 542 850 vindicatum
564 785 690 850 adauae
716 783 833 848 merito
856 782 1010 867 probavit
1031 781 1206 848 Muellerus
1229 780 1330 867 praef.

188 890 277 954 Festi
307 914 338 975 p.
362 909 456 975 xnlv,
488 913 628 976 ususque
656 913 693 958 eo
722 891 791 976 ipse
819 914 891 956 sum
920 891 960 956 ad
990 889 1173 956 Trinummi
1201 911 1330 955 versum

191 999 275 1063 1118
304 997 559 1065 instaurandum.
610 997 732 1064 Verum
762 998 802 1063 de
832 998 966 1084 reliquis
997 997 1171 1064 adsensum
1200 995 1332 1062 cohibet

188 1104 326 1189 primum
349 1104 445 1170 metri
467 1124 584 1190 genus:
607 1126 666 1169 nec
689 1105 776 1170 enim
799 1104 893 1170 valde
916 1104 1070 1172 credibile
1089 1109 1139 1170 est
1157 1105 1331 1170 octonariis

188 1217 255 1277 tam
283 1213 493 1298 tranquillam
521 1211 827 1278 sermocinationem
859 1213 1017 1278 inclusam
1048 1211 1157 1278 fuisse.
1207 1209 1331 1276 Deinde

189 1323 296 1384 autem
330 1320 416 1405 quod
449 1320 490 1385 ad
522 1321 758 1386 sententiarum
786 1321 946 1386 rationem
979 1319 1110 1404 attinet,
1143 1321 1216 1404 etsi,
1249 1341 1330 1407 quae

190 1423 348 1512 Scaliger,
372 1425 578 1514 Spengelius,
600 1427 778 1493 Muellerus
800 1430 986 1513 posuerrmt,
1010 1427 1213 1492 commodum
1237 1427 1330 1492 intel-

191 1533 308 1598 lectum
331 1534 452 1599 habere
475 1555 547 1599 cum
570 1532 779 1602 Lachmanno
801 1555 901 1620 nego,
932 1537 1042 1600 tamen
1069 1534 1154 1600 idem
1180 1554 1265 1619 nego
1289 1534 1330 1598 ab
1438 1553 1442 1561 ·

189 1638 251 1705 hoc
279 1641 351 1725 ipso
378 1663 444 1707 non
472 1641 650 1707 mediocres
679 1663 756 1706 sane
783 1641 914 1706 illarum
941 1640 1150 1708 difficultates
1174 1641 1254 1706 satis
1278 1662 1330 1704 ex-

189 1747 317 1832 peditas
341 1769 420 1813 esse.
467 1746 530 1823 Qui
553 1767 624 1812 cum
648 1746 753 1831 prima
774 1747 874 1812 verba
896 1745 958 1812 ‘Ne
981 1795 989 1813 .
1013 1797 1021 1813 .
1044 1797 1052 1812 .
1075 1795 1083 1811 .
1105 1744 1331 1830 Polybadisce'

190 1855 318 1920 mulieri
341 1853 465 1938 tribuit,
488 1853 613 1938 reliqua
636 1852 848 1938 adulescenti,
870 1854 966 1919 huius
989 1854 1118 1940 quidem
1141 1857 1175 1918 et
1192 1854 1331 1939 argutis·

189 1961 307 2026 simum
329 1981 522 2045 responsum
545 1959 653 2044 lingit,
677 1960 767 2025 etin
790 1982 854 2044 quo
877 1959 990 2026 cadem
1013 1983 1146 2046 prorsus
1170 1962 1333 2027 sententia

191 2089 262 2132 cum
291 2068 325 2132 in
352 2067 512 2151 principio
540 2071 610 2132 tum
637 2067 671 2131 in
694 2067 758 2131 fine
781 2067 906 2152 redeat,
938 2073 971 2132 ct
994 2071 1160 2153 praeterea
1183 2091 1256 2134 cum
1279 2069 1332 2135 ad-

189 2173 351 2240 versativa
376 2174 537 2258 particula
568 2174 669 2240 etiam
696 2196 794 2239 sanus
823 2173 902 2241 ordo
932 2175 1138 2242 desideretur.
1183 2175 1216 2242 Is
1245 2177 1331 2242 enim

147 2353 155 2358 ,¹
188 2281 264 2346 talis
292 2280 402 2365 potius
430 2280 557 2346 futinus
586 2285 670 2346 erat:
707 2279 824 2346 ‘immo
853 2303 982 2366 sequor,
1013 2303 1089 2348 nam
1112 2305 1218 2349 meam
1241 2306 1332 2368 spem

192 2388 287 2472 cupio
311 2385 493 2472 consequi',
526 2392 582 2452 aut
606 2387 720 2454 ‘immo
750 2409 879 2473 sequor,
906 2411 982 2454 nam
1005 2389 1144 2454 libenter
1165 2412 1238 2454 mea
1260 2413 1330 2475 spe·

190 2499 260 2559 rata
284 2491 489 2579 consequor'.
534 2493 635 2559 Porro
662 2493 742 2560 haec
770 2495 842 2580 ipsa
865 2494 1028 2580 ‘sperata’
1050 2517 1117 2562 non
1141 2497 1206 2562 levi
1229 2498 1343 2563 offen.

190 2601 275 2666 sioni
298 2605 395 2685 sunt,
418 2623 495 2666 nam
518 2600 596 2684 etsi,
628 2623 709 2686 quae
737 2623 845 2686 spero,
877 2625 1010 2687 possum
1035 2601 1195 2690 ‘sperate'
1218 2603 1332 2688 dicere,

189 2713 298 2774 tamen
329 2707 418 2772 ‘mea
447 2707 590 2793 sperata'
621 2729 733 2774 vereor
761 2713 798 2774 ut
829 2709 967 2775 latinum
998 2711 1041 2775 sit
1072 2714 1129 2776 aut
1158 2711 1329 2776 cottidiani

192 2815 308 2880 saltem
332 2815 490 2882 sermonis
518 2816 626 2900 latini,
658 2838 731 2881 cum
759 2814 919 2900 ‘sperata'
947 2839 1013 2883 non
1041 2817 1121 2883 item
1148 2821 1185 2881 ut
1212 2815 1331 2882 ‘dicta'

190 2921 308 2987 ‘facta’
341 2926 375 2987 et
407 2922 528 2988 similia
559 2922 756 2988 substantivi
788 2927 938 2990 naturam
971 2923 1143 2989 induerint
1188 2921 1234 2988 Et
1262 2924 1332 3008 ipse

190 3028 294 3095 Varro
318 3049 400 3113 quae
424 3029 458 3094 iu
481 3030 544 3094 fine
567 3031 666 3095 verba
689 3030 806 3096 subicit
830 3029 948 3116 ‘neque
971 3030 1029 3096 illa
1052 3034 1183 3116 sperata
1205 3029 1281 3116 cst',
1305 3031 1332 3095 si

191 3135 434 3221 simplicitatem
456 3135 690 3219 interpretandi
714 3137 886 3222 sequimur,
908 3137 1055 3223 profecto
1073 3143 1228 3204 nontam
1247 3137 1334 3224 ‘spe-

188 3241 353 3309 ratorum'
380 3243 549 3308 notionem
577 3246 722 3327 spectare
749 3243 944 3310 videbuntur
967 3265 1063 3329 quam
1086 3244 1222 3311 alicuius
1247 3245 1333 3330 ‘spe-

191 3349 298 3416 ratae’
322 3349 519 3414 mentionem
542 3371 581 3416 ex
604 3349 683 3434 ipsis
706 3349 869 3416 Astrabae
892 3352 1038 3418 versibus
1061 3354 1216 3436 repetere.
1260 3352 1333 3418 Huc

192 3455 316 3522 accedit
334 3455 420 3541 quod
439 3455 474 3520 in
491 3457 572 3522 sacru
590 3457 742 3522 exeuntia
759 3455 1001 3542 hypocoristica
1019 3479 1184 3524 servorum
1201 3460 1334 3526 nomina

194 3566 271 3627 sunt
312 3567 348 3626 ut
389 3561 625 3629 ‘Collsbiscus’
667 3561 854 3648 ‘Lyciscus'
896 3564 1108 3632 ‘Phaniscus’
1150 3565 1333 3652 ‘Syriscus’

188 3667 461 3755 (‘Lampadiscus’
471 3668 720 3754 ‘Milphidiseus'
731 3669 985 3759 ‘Olympiscus’),
1000 3695 1100 3758 aeque
1114 3695 1152 3738 ac
1162 3673 1335 3738 muliebria

189 3772 405 3860 ‘Ampelisca’
434 3772 600 3840 ‘Halisca’
629 3772 850 3842 ‘Pardalisca'
878 3775 1164 3866 ‘Sophoclidisca',
1195 3801 1255 3876 nec
1282 3801 1333 3844 us·

188 3905 284 3968 quam
307 3881 341 3947 in
361 3879 532 3947 comoedia
554 3881 613 3947 tali
638 3883 777 3968 nominc,
800 3885 897 3969 quale
920 3888 970 3952 est
985 3885 1264 3972 ‘Polybadiseus’,
1286 3887 1333 3951 in-

189 4009 312 4074 genuus
337 3987 523 4054 adulescens
547 3990 737 4074 appellabit.
751 4027 794 4037 -
812 3989 863 4058 llx
886 3992 938 4058 his
962 3995 1113 4060 omnibus
1137 4017 1334 4081 consequens

188 4101 238 4162 est
255 4101 292 4162 ut
309 4117 376 4161 non
391 4095 509 4188 mulier
527 4099 561 4160 et
579 4102 705 4163 amator
723 4099 874 4184 conloqui
897 4101 1077 4188 credantur,
1100 4103 1156 4168 scd
1179 4125 1252 4168 erus
1275 4102 1296 4166 i.
1307 4123 1334 4166 e.

177 4205 276 4268 ‚erilis
300 4203 386 4268 filius
412 4223 485 4268 cum
508 4224 611 4269 servo.
647 4203 797 4270 Amicam
820 4205 870 4270 vel
890 4227 986 4290 quam
1010 4209 1142 4275 amabat
1165 4208 1333 4274 mulierem

188 4313 402 4376 conventurus
426 4329 498 4374 erus
519 4309 769 4398 Polybadiscum
793 4311 884 4398 sequi
908 4335 942 4378 se
965 4313 1068 4400 iubet,
1090 4337 1156 4382 non
1178 4319 1282 4381 vetat:
1305 4315 1334 4378 is

188 4419 306 4502 autem,
330 4415 385 4502 qui
410 4415 562 4481 ancillam
585 4416 675 4482 illius
692 4411 821 4483 amicae
844 4440 952 4484 amare
976 4420 1138 4504 putandus
1158 4426 1216 4508 est,
1241 4443 1279 4487 eo
1298 4444 1332 4487 se

191 4521 346 4587 libentius
370 4523 461 4608 sequi
485 4523 672 4608 respondet,
704 4523 790 4608 quod
817 4547 907 4590 erum
935 4525 1096 4612 sequendo
1120 4529 1215 4594 simul
1244 4551 1334 4594 suae
