3302 5106
618 367 679 413 DIE
703 365 1048 414 SCHRIFTSTELLEREI

445 510 510 574 *76
534 509 649 574 Libros
675 511 788 574 Αοτιο(
811 509 961 574 Τοπικον.

444 615 511 680 *25
534 613 595 679 Do.
676 613 715 678 de
738 613 866 699 Linguei
889 613 1016 679 Latine.

467 723 511 786 *9
537 720 596 786 Do.
676 721 940 806 Disciplinarum.

466 829 512 893 *5
535 827 595 892 Dc.
676 828 714 892 ds
738 827 892 893 Sermone
916 827 1043 892 Latino.

468 935 512 1000 *5
536 935 595 1000 Do.
678 935 891 1012 Quesiionum
915 934 1189 1002 Plautinensrum.

466 1042 510 1106 *3
535 1040 594 1106 Do.
678 1041 861 1106 Annalium.

490 1149 510 1212 3
534 1147 594 1212 Do.
676 1148 714 1212 de
738 1146 872 1232 Origine
897 1145 1032 1230 Linguae
1055 1145 1189 1212 Laiinae.

468 1254 511 1318 *3
535 1251 595 1318 Do.
676 1252 715 1316 de
738 1251 912 1318 Poematis.

492 1361 513 1424 3
536 1359 595 1424 Do.
677 1359 717 1424 de
740 1357 930 1442 Originibus
955 1357 1080 1424 Saeculi.

467 1465 510 1529 *3
535 1463 593 1528 Do.
675 1463 714 1528 de
739 1461 880 1529 Scenicis
905 1464 1107 1530 Actionibus.

493 1571 514 1634 3
536 1568 596 1634 Do.
678 1569 716 1634 de
741 1570 834 1635 Actis
858 1569 1010 1636 Scenicis.

490 1677 510 1740 3
535 1675 593 1742 Do.
675 1677 713 1740 de
737 1676 1027 1760 Descriptionibus.

466 1783 511 1847 *3
536 1781 595 1848 Do.
678 1783 716 1848 de
740 1783 944 1867 Proprieists
968 1784 1175 1870 Scriptorum.

465 1889 509 1952 *3
533 1886 593 1952 Do.
675 1887 714 1954 dc
739 1889 961 1956 Bibliothecis.

491 1995 511 2057 3
535 1992 595 2057 Do.
675 1994 714 2058 de
738 1993 954 2060 Lectionibus.

492 2099 513 2162 3
537 2097 595 2164 Do.
676 2099 717 2164 ds
741 2099 958 2168 similitudine
982 2102 1174 2170 Verborum.

491 2203 511 2268 3
536 2203 595 2270 Do.
676 2205 900 2291 Legationum.

492 2312 512 2374 3
539 2309 596 2376 Do.
679 2311 882 2378 Suesionum.

491 2417 511 2481 3
535 2415 595 2482 D0.
678 2418 716 2483 de
740 2416 903 2503 Pompeio.

472 2525 512 2587 10
536 2523 594 2588 Do.
677 2523 871 2609 Singmlsrss.

467 2630 510 2694 *3
534 2628 594 2694 Do.
675 2629 715 2694 de
737 2629 898 2696 Personis.

471 2735 512 2800 15
535 2734 595 2800 Do.
678 2735 717 2799 de
739 2735 819 2801 Jurs
842 2735 949 2802 Civili.

490 2842 510 2905 9
534 2843 694 2922 Επιτομην
717 2863 755 2906 ex
780 2842 874 2907 libris
896 2843 940 2907 45
964 2843 1218 2928 Antiquitatum.

490 2948 510 3011 9
534 2947 708 3032 Epitomen
730 2970 769 3012 ex
794 2948 887 3013 libris
915 2951 955 3013 15
978 2951 1017 3014 de
1041 2949 1168 3037 Lingua
1192 2951 1317 3018 Latine.

490 3051 511 3114 9
536 3051 652 3118 Libros
678 3053 717 3118 de
741 3054 896 3138 Pineipiis
920 3055 1146 3125 Numerorum.

466 3158 510 3222 *3
533 3156 592 3222 Do.
674 3159 794 3223 Rerum
817 3159 1034 3228 Rusticorum.

495 3267 509 3328 1
535 3263 595 3328 Do.
677 3264 716 3328 de
739 3264 934 3331 Valetudine
956 3269 1085 3334 tuenda.

490 3371 510 3434 3
534 3368 594 3434 Do,
675 3370 714 3435 ds
739 3369 916 3438 Sueriisis.

466 3475 509 3539 *3
533 3473 593 3540 Do.
675 3477 714 3542 de
738 3477 855 3544 Form3
879 3479 1109 3566 Philosophiae.

489 3583 510 3647 3
533 3579 592 3647 Do.
674 3583 794 3650 Rerum
817 3584 1033 3652 Urbanorum.

447 3690 510 3754 150
533 3688 594 3756 Do.
685 3689 877 3776 Satyrorum
900 3692 1144 3777 Menyppsrum.

470 3798 511 3860 10
534 3795 594 3861 Do.
676 3796 875 3863 Pocmsium.

468 3903 512 3966 22
536 3900 595 3965 Do.
677 3902 878 3968 Orationum.

489 4007 509 4070 6
532 4005 592 4071 Do.
675 4007 930 4094 Tragoediarum.

488 4113 510 4176 4
533 4109 592 4176 Do.
674 4111 873 4198 Satyrorum.

260 4223 294 4282 et
320 4217 387 4283 alic
413 4218 507 4302 plura
530 4240 601 4303 quae
625 4240 814 4286 enumerare
837 4223 973 4307 longum
996 4229 1056 4290 ssi.
1101 4225 1165 4292 Vix
1189 4227 1330 4292 medium
1353 4229 1406 4292 de·

261 4323 376 4408 scripsi
403 4325 540 4390 invicem
569 4329 602 4390 ei
624 4325 809 4412 legentibus
832 4327 1003 4394 fastidium
1026 4335 1085 4398 ssi.
1131 4332 1177 4398 Ac
1200 4334 1218 4396 ό
1241 4333 1405 4398 contrario

259 4433 373 4496 nostre
401 4431 508 4498 secula
535 4431 658 4498 hebeni
685 4430 831 4500 homines
860 4433 1016 4522 eruditos,
1048 4439 1215 4522 sciuntque
1242 4439 1348 4524 pisces
1371 4439 1406 4506 in
