3274 5114
670 390 953 440 connnnrsmvs.
1318 373 1383 440 253

236 535 403 615 posterum
425 531 626 598 litteratores
648 535 761 617 nostri,
785 555 848 618 qno
872 533 990 598 ‘annos
1009 530 1137 596 xxxv1'
1160 532 1247 598 vitae
1266 532 1384 598 Teren-

237 638 346 703 tianae
369 641 538 722 tueantur,
569 639 633 704 nisi
659 639 869 725 depravatam
893 638 1088 722 scripturam
1111 639 1383 722 interpolatorum

237 745 405 808 librorum:
434 763 515 828 quae
539 745 568 808 si
591 767 610 810 a
634 743 788 810 Suetonio
811 743 957 828 profecta
980 749 1079 828 esset,
1101 744 1223 810 faceret
1245 745 1273 809 is
1297 745 1383 830 quod

236 871 301 916 non
324 850 403 915 fecit
425 849 456 914 h.
479 871 507 914 e.
530 849 563 914 in
587 849 789 916 Fenestellae
811 855 922 934 partes
945 849 1134 917 discederet.

326 955 403 1038 Pag.
426 956 489 1030 211,
514 956 533 1020 2
557 957 641 1041 quod
664 958 843 1023 uicesimum
865 958 1020 1040 inpressas
1044 957 1173 1043 scripsi,
1195 981 1259 1024 non
1284 957 1383 1022 aliam

237 1083 383 1128 caussam
399 1061 497 1128 habui
518 1064 582 1130 nisi
603 1063 687 1147 quod
707 1063 939 1128 concinnitatis
957 1063 1190 1147 varietatisque
1208 1065 1243 1129 in
1262 1062 1383 1129 dilectu

238 1170 411 1262 verborum
434 1170 538 1235 multo
562 1170 790 1235 studiosiorem
813 1191 910 1235 nosse
935 1167 1126 1234 Suetonium
1150 1169 1261 1234 videor
1285 1192 1381 1254 quam

238 1276 288 1340 cui
311 1280 398 1342 recte
422 1277 499 1342 talis
523 1276 676 1362 loquendi
700 1275 909 1361 neglegentia
932 1275 1110 1340 tribuatur:
1133 1277 1271 1341 nondum
1293 1278 1382 1358 qllin-

238 1387 302 1448 tam
330 1389 420 1466 atquc
445 1384 626 1448 aiccsimm
653 1401 789 1466 opressus
815 1402 935 1448 uanam
954 1431 961 1446 .
981 1431 987 1444 .
1007 1430 1016 1446 .
1035 1431 1042 1446 .
1061 1401 1196 1464 eprmats
1225 1383 1298 1447 arbe
1329 1387 1381 1446 ast.

238 1487 386 1554 Conferri
404 1489 484 1556 illud
503 1487 677 1552 variandae
697 1487 855 1585 orationis
875 1485 1016 1550 studium
1036 1487 1157 1570 poterit
1180 1487 1264 1573 quod
1284 1509 1382 1571 snpra

238 1594 448 1680 cognovimus
471 1593 512 1658 ad
534 1593 729 1677 p.209,11.
765 1591 804 1656 In
827 1596 1012 1675 temporum
1035 1593 1217 1658 rationibus
1236 1593 1381 1677 paullum

238 1705 369 1764 estnec
391 1699 488 1764 ullius
512 1700 669 1764 momenti
693 1699 779 1784 quod
802 1703 947 1764 mutatur
969 1698 1031 1764 hac
1054 1701 1243 1766 mutatione.
1312 1723 1315 1728 ·

325 1805 462 1871 Versu3
480 1825 590 1872 corase
608 1804 830 1889 praepositum
850 1826 907 1870 suo
925 1805 1049 1869 nomini
1069 1827 1140 1870 cum
1159 1827 1257 1872 unum
1277 1807 1380 1872 solnm

237 1917 404 1997 praeterea
427 1911 609 1995 exemplum
632 1910 753 1975 habeat
776 1911 862 1994 apud
886 1909 1077 1976 Suetonium
1100 1911 1185 1996 Aug.
1206 1913 1249 1978 24
1272 1933 1381 1978 missso

190 2064 194 2070 -
237 2021 422 2084 detrectandi
438 2019 632 2102 marmorati,
655 2040 737 2103 quac
760 2023 871 2102 potest
894 2023 983 2084 certa
1005 2019 1126 2084 locutio
1150 2042 1219 2084 esse
1243 2020 1381 2106 antiqui-

238 2131 290 2192 tus
313 2126 437 2192 tradita
459 2123 569 2210 (quem
593 2125 633 2190 ad
657 2125 788 2191 modum
812 2126 916 2192 senati
936 2127 1119 2192 consultum
1139 2126 1178 2191 de
1198 2126 1381 2192 Bacchana-

236 2234 322 2298 libus
356 2255 509 2298 enarrans
541 2233 653 2298 Livius
681 2251 806 2317 xxm,
832 2233 873 2296 14
906 2233 1136 2318 antiquitatem
1171 2235 1315 2299 serravit
1346 2236 1381 2300 in

236 2360 346 2405 mansa
371 2338 559 2424 samomrm),
591 2339 678 2404 haud
707 2339 774 2404 scio
804 2361 845 2402 an
869 2339 948 2404 illud
971 2340 1078 2422 ipsum
1101 2339 1221 2404 indicio
1246 2341 1290 2404 sit
1312 2363 1381 2405 ver·

237 2446 351 2510 borum
375 2469 395 2510 a
417 2445 595 2510 vetustiore
619 2448 759 2526 auctore,
782 2441 930 2506 Varrone
953 2447 1042 2527 puto,
1066 2449 1279 2528 sumptorum.

324 2553 448 2618 Ibidem
470 2553 618 2618 witorrdac
640 2573 700 2635 pro
722 2551 885 2616 medendae
908 2548 1062 2616 Suetonio
1085 2552 1221 2618 reddens
1240 2551 1380 2619 Rothius

237 2660 299 2724 etsi
322 2683 387 2726 non
411 2659 549 2724 debebat
573 2658 706 2722 verbnm
730 2656 946 2739 compositum
971 2657 1012 2720 ab
1031 2657 1089 2721 illo
1108 2658 1238 2722 omnino
1258 2659 1381 2724 abiudi-

237 2787 323 2850 care,
347 2766 432 2851 quod
456 2768 562 2829 exstat
586 2763 658 2828 Tib.
681 2762 725 2828 35
747 2764 790 2828 od
811 2764 974 2828 euitandas
997 2764 1095 2845 worn
1112 2785 1243 2846 menos,
1271 2769 1381 2830 tamen

237 2878 270 2937 et
301 2871 500 2957 frequentari
532 2871 573 2934 ab
607 2871 718 2935 eodem
745 2870 848 2934 uitare
874 2891 950 2934 vere
980 2869 1062 2934 dixit
1093 2873 1126 2934 et
1155 2872 1379 2953 percommode

196 3043 200 3053 ,
237 2978 487 3045 constructionis
511 2977 694 3060 exemplum
722 2975 925 3040 simillimum
949 2999 966 3040 e
990 2977 1059 3061 vita
1082 2976 1111 3041 d.
1136 2976 1219 3060 Aug.
1242 2978 1287 3042 45
1310 3000 1381 3061 pro-

237 3086 327 3151 tulit:
359 3107 411 3151 seu
438 3085 562 3150 uitandi
588 3085 723 3149 rumoris
750 3088 1081 3166 cutmsaqucpatrem
1105 3082 1381 3167 cameracenae

237 3191 452 3274 reprehensum
474 3189 728 3256 eommmurobot
741 3238 748 3254 .
763 3239 769 3254 .
784 3239 791 3255 .
805 3210 858 3255 scu
879 3190 1209 3272 annumeraratas
1224 3192 1382 3274 uoluptrte

237 3319 300 3380 qno
322 3299 417 3362 team
438 3317 470 3364 sc
489 3347 496 3362 .
517 3347 523 3361 .
543 3346 551 3362 .
568 3296 727 3379 professus
749 3299 800 3360 est.
847 3294 938 3371 Quod
963 3295 1070 3379 ipsum
1095 3299 1277 3381 exemplum
1300 3297 1381 3363 facit

238 3409 274 3470 ut
295 3403 529 3489 propemodum
552 3403 698 3486 suspicer
720 3401 871 3466 similiter
893 3401 928 3464 in
947 3401 1015 3466 vita
1029 3400 1175 3467 Terentii
1190 3401 1379 3470 Suetonium
1394 3422 1434 3462 ⁵1⁰

237 3511 379 3576 locutum
406 3511 624 3594 omissumque
653 3531 672 3572 a
699 3507 840 3572 librariis
868 3507 1061 3574 vccabulum
1089 3509 1135 3574 sic
1163 3511 1378 3576 revocandum

238 3637 320 3682 esse:
357 3637 410 3682 sea
442 3617 567 3682 studio
598 3614 789 3698 percipiendi
822 3613 1010 3678 Graccm
1042 3615 1186 3680 instituto
1217 3637 1378 3698 moresque.

237 3723 321 3790 Nam
345 3729 379 3788 et
401 3723 511 3788 durior
533 3725 584 3786 est
603 3741 700 3806 qnam
719 3719 773 3804 qui
793 3719 873 3784 satis
892 3719 1021 3804 placeat
1039 3720 1176 3802 simplex
1190 3723 1379 3804 percipr'ctdi

238 3831 407 3914 genetivus
425 3853 442 3893 c
461 3850 652 3914 praegresso
670 3847 781 3893 caussa
799 3831 904 3911 aptus,
923 3829 956 3890 et
974 3825 1097 3910 aliquid
1116 3826 1261 3912 languidi
1280 3829 1380 3893 habet

238 3937 323 4020 quod
350 3958 367 4000 c
395 3936 524 4020 prodita
551 3936 584 4003 in
607 3935 640 4000 A
663 3934 821 4000 memoria
837 3935 1037 4017 percipienda
1060 3935 1160 4000 codex
1182 3934 1377 4021 Reginensis

238 4043 357 4108 effecit:
388 4045 432 4108 ad
447 4043 654 4126 percipienda.
701 4039 787 4106 Casu
810 4023 933 4106 factum
957 4044 1008 4106 est
1030 4041 1123 4106 utin
1146 4063 1205 4106 sua
1228 4042 1296 4106 vita
1319 4041 1378 4104 Te-

237 4150 334 4214 rentii
360 4151 461 4215 stadto
487 4169 557 4213 eum
585 4149 760 4213 declinandi
788 4149 852 4214 odii
879 4153 945 4212 tum
968 4147 1081 4214 Gracci
1103 4148 1219 4230 inpertit
1236 4167 1379 4229 persora

237 4257 326 4320 tundi
347 4255 550 4320 Polentonus
574 4259 717 4338 poneret.
1285 4260 1289 4266 '

325 4360 402 4444 Pug.
421 4362 512 4436 tlte
536 4362 614 4425 item
638 4361 823 4444 probandus
842 4361 982 4425 Rothius
1006 4360 1090 4444 quod
1112 4380 1175 4424 non
1194 4361 1322 4442 perinde
1340 4384 1378 4426 ex

237 4470 269 4534 A
291 4471 424 4554 recepit,
446 4469 507 4534 hac
527 4467 703 4532 sententia:
728 4467 855 4552 ‘utpote
874 4489 955 4551 quos
975 4465 1116 4530 nondum
1135 4468 1215 4532 satis
1235 4467 1276 4532 ad
1295 4453 1377 4534 veriss
