3274 5114
320 370 386 434 262
711 384 749 430 1u
772 383 884 431 vrrru
908 383 1075 430 rnunuru

321 532 418 592 retur.
456 527 505 592 De
522 547 624 592 noenu
641 525 746 590 forma
763 547 828 589 non
847 525 956 609 inepto
967 555 968 558 ¹
979 525 1186 611 cogitaretur,
1209 526 1237 590 si
1261 547 1334 590 oum
1348 526 1466 592 Plauto
1488 603 1494 608 ,

321 635 415 700 nobis
447 656 499 698 res
531 635 617 696 esset
648 630 699 695 vel
736 652 809 695 oum
842 629 1065 716 antiquitatis
1082 632 1298 698 sectatoribus
1330 631 1467 718 Lucilio,

321 741 482 806 Varrone:
499 738 679 804 tersissimo
698 740 888 822 togatarum
906 741 1023 822 poetas
1042 738 1133 803 illam
1152 739 1292 804 tribuere
1308 740 1361 804 vix
1379 741 1466 824 quis·

322 871 420 933 quam
444 847 539 912 ausit.
584 843 647 910 Sed
674 865 737 910 non
759 844 880 910 litteris
904 865 977 909 cum
1000 844 1095 911 facile
1117 845 1304 916 hauriretur
1325 867 1382 912 con
1404 849 1468 932 syl·

323 955 412 1037 laba,
443 953 526 1017 nihil
555 974 625 1017 esse
654 950 835 1035 simplicius
858 950 963 1015 visum
992 953 1042 1015 est
1065 971 1162 1035 quam
1184 948 1312 1016 Afranii
1335 975 1468 1018 manum

325 1059 372 1124 sio
394 1058 536 1126 restihi:
570 1057 693 1122 Termti
723 1076 788 1122 non
818 1057 1022 1123 consimitem
1052 1057 1146 1122 dieas
1176 1058 1359 1139 qnempiam.
1400 1059 1469 1125 Nec

325 1165 411 1229 enim
433 1165 579 1249 profecto
603 1164 667 1229 alia
686 1165 892 1230 construendi
910 1164 1037 1230 ratione
1055 1165 1224 1228 consimilis
1242 1167 1338 1248 atque
1356 1166 1470 1231 similis

326 1277 358 1336 et
390 1271 551 1336 dissimilis
582 1273 748 1355 reguntur.
802 1269 916 1355 Itaque
948 1261 982 1334 in
1013 1268 1156 1354 Vopisco
1194 1269 1279 1334 idem
1312 1269 1469 1337 Afranius

326 1375 412 1460 apud
435 1373 621 1440 Charisium
644 1398 674 1460 p.
700 1373 762 1440 193
787 1399 814 1442 v.
833 1376 898 1441 398
920 1373 1030 1441 Ribb.:
1058 1376 1177 1459 Vtique
1199 1377 1354 1458 repentino
1375 1377 1470 1444 leeiiccs

325 1483 482 1548 emesimile
503 1482 623 1548 decidit.
662 1481 747 1546 Item
770 1480 906 1547 Plautus
930 1480 1021 1566 Capt.
1040 1483 1101 1548 116
1125 1483 1218 1548 Inbe'r
1240 1485 1377 1567 captiuos
1399 1484 1471 1551 einis

326 1593 369 1656 est
386 1590 557 1656 consimilis
570 1589 663 1670 ferae.
699 1587 744 1654 Et
758 1611 786 1654 v.
800 1589 841 1654 14
864 1589 947 1655 Aen
967 1590 1020 1654 mi
1035 1588 1120 1670 serae
1141 1591 1330 1655 consimilem
1351 1589 1470 1672 focium

324 1701 361 1760 nt
377 1696 550 1778 praedicas.
581 1679 650 1760 Nee'
664 1695 834 1760 Terentius
857 1695 953 1760 aliter
970 1693 1122 1760 Heauton
1143 1695 1250 1761 timor.
1265 1696 1329 1761 393
1355 1696 1472 1778 Quone

326 1823 391 1869 mos
417 1799 591 1868 manumisi
617 1801 784 1867 emisimilcs
813 1801 959 1866 ueistmm.
1005 1801 1130 1867 Ibidem
1157 1824 1185 1866 v.
1209 1802 1275 1867 382
1302 1825 1375 1868 eum
1402 1803 1471 1868 vul-

328 1913 460 1994 garetur
482 1909 536 1975 isti
556 1909 677 1989 formae
698 1912 734 1970 nt
755 1927 854 1972 mores
876 1909 1048 1974 consimiles
1068 1908 1186 1989 forent,
1209 1928 1318 1973 errore
1340 1911 1472 1974 tantum

329 2015 453 2080 iteratis
477 2016 531 2079 isti
554 2012 689 2096 syllabis
713 2033 841 2078 versum
864 2011 1090 2078 Fleckeisenus
1115 2015 1160 2079 sio
1183 2013 1346 2078 liberavit:
1373 1993 1419 2080 l'ci
1439 2022 1473 2082 in

329 2143 420 2205 quom
446 2121 605 2203 studuisti,
630 2118 752 2198 formae
777 2123 813 2183 ui
838 2138 878 2182 m.
901 2119 970 2199 cs.
1016 2115 1211 2184 Construere
1239 2120 1388 2187 nesciunt
1416 2123 1472 2206 qui

330 2229 476 2293 dativum
498 2225 616 2291 Plauto
643 2224 792 2290 tribuunt
819 2223 1030 2308 Poen.1v‚2
1056 2225 1142 2290 init:
1169 2225 1256 2292 Sdie's
1278 2232 1474 2310 spectoiomst

329 2333 510 2416 derisorium
531 2332 668 2397 homines
696 2331 762 2396 eiius
784 2331 931 2414 necligere
950 2331 1101 2416 prditum,
1134 2333 1215 2415 Quoi
1234 2333 1383 2400 hominist
1403 2335 1475 2402 ereis

330 2440 499 2507 consimilis
520 2439 610 2504 neiat
631 2458 683 2520 epo
704 2436 797 2503 habeo
819 2436 900 2503 brine
921 2437 1014 2504 nnius
1035 2438 1135 2504 modi:
1167 2440 1223 2505 ubi
1246 2443 1375 2525 praeter
1396 2441 1474 2505 lexi-
1530 2435 1532 2438 ¹

330 2546 513 2631 eugraphos
540 2549 671 2609 nostros
699 2565 795 2608 nemo
822 2565 888 2609 uon
910 2544 999 2609 videt
1026 2545 1066 2610 ad
1088 2550 1132 2611 est
1153 2546 1312 2630 pertinere
1337 2545 1475 2630 dativos,
1590 2622 1596 2632 Ι

332 2674 404 2718 cum
432 2651 516 2716 ndni
543 2648 660 2715 sociari
688 2643 864 2716 consimilis.
909 2649 1037 2716 Primus
1065 2651 1150 2736 quod
1178 2652 1319 2718 sciamus
1348 2652 1475 2738 Accius,

332 2759 389 2824 sed
412 2757 446 2822 in
468 2756 565 2821 rebus
589 2755 823 2840 comparandis,
845 2776 911 2822 uon
933 2757 968 2820 in
990 2758 1151 2842 personis,
1174 2759 1320 2823 dativum
1344 2757 1477 2824 admisit

332 2865 463 2930 Medeae
486 2885 516 2928 v.
535 2863 615 2928 405:
638 2861 767 2928 Siluani
786 2863 863 2930 melo
879 2862 890 2946 ΙΙ
908 2862 1105 2930 commitem
1126 2865 1170 2930 ud
1189 2865 1279 2931 mnis
1300 2864 1425 2930 mamm
1447 2871 1477 2930 et

332 2971 475 3036 andiieim
505 2970 605 3050 refeci.
656 2968 750 3054 Apud
778 2968 964 3053 Lucretium
996 2969 1139 3055 quidem,
1170 2971 1225 3054 qui
1253 2993 1310 3056 cur
1337 2971 1371 3036 in
1400 2991 1474 3036 con-

280 3101 319 3140 su
334 3077 486 3142 struendo
509 3076 623 3141 similis
645 3075 803 3141 vocabulo
826 3075 972 3140 dativum
989 3075 1173 3160 frequentet
1191 3077 1407 3161 significatum
1426 3081 1477 3142 est

333 3183 416 3248 Mus.
429 3183 492 3248 Rh.
515 3183 537 3247 l.
552 3205 576 3248 s.
591 3205 616 3247 s.
639 3207 668 3267 p.
685 3182 780 3267 159*,
803 3183 970 3248 consimilis
993 3187 1103 3247 tamen
1125 3183 1269 3248 servavit
1290 3183 1476 3267 genetivum

266 3293 271 3303 “
333 3291 367 3355 iu
390 3311 498 3356 sucum
519 3289 707 3355 consimilem
730 3289 817 3354 lactis
840 3306 871 3372 V,
895 3289 969 3372 813,
993 3289 1100 3352 trinum
1116 3289 1202 3373 pilai
1223 3289 1412 3356 consimilem
1433 3288 1476 3353 ib.

336 3397 409 3462 714.
424 3433 467 3441 —-
482 3396 589 3481 Atque
613 3383 660 3460 sic
683 3395 760 3460 olim
782 3395 996 3460 ratiocinatus
1020 3397 1135 3488 tamen⁴
1151 3417 1262 3462 omnes
1286 3395 1366 3460 mihi
1390 3417 1475 3460 scru-

335 3503 433 3588 pulos·
452 3523 492 3565 ne
515 3505 585 3565 tum
609 3499 739 3584 quidem
762 3503 929 3584 exemptos
953 3499 1046 3565 sensi.
1081 3498 1168 3566 Nam
1186 3503 1327 3588 primum
1347 3500 1476 3585 quidem

334 3609 421 3675 baud
445 3607 512 3673 scio
535 3627 577 3672 an
601 3607 641 3671 ad
665 3607 730 3670 vim
749 3606 927 3671 sententiae
946 3605 1113 3691 aliquanto
1132 3609 1293 3674 efficacior
1311 3608 1383 3693 ipsa
1401 3607 1476 3672 sim-

335 3715 465 3800 plicitas
487 3714 600 3780 similis
621 3713 767 3778 notionis
790 3734 887 3797 quam
911 3713 1126 3796 compositum
1148 3715 1317 3781 consimiles
1339 3715 1475 3780 vocabu·
1516 3781 1520 3788 ,

336 3821 403 3885 lum
432 3819 544 3902 fuerit,
576 3817 662 3903 quod
689 3817 832 3883 dubitari
859 3821 969 3901 potest
995 3820 1103 3882 utrum
1131 3817 1190 3883 illo
1218 3819 1336 3886 fortius
1365 3821 1408 3886 sit
1435 3843 1476 3886 an

336 3926 460 3990 exilius.
504 3924 582 3987 Plus
610 3923 709 3987 etiam
737 3922 924 3988 offensionis
949 3925 1123 4006 qriempimn
1149 3947 1329 4010 pronomen
1352 3914 1478 4012 pepe‘rit

338 4054 410 4098 cum
434 4029 607 4114 negatione
631 4029 803 4094 sociatum:
840 4051 937 4114 quam
961 4029 1148 4096 societatem
1172 4032 1233 4098 etsi
1256 4055 1352 4099 nemo
1375 4033 1479 4098 nescit

339 4159 430 4204 suam
454 4157 512 4202 suo
535 4135 608 4201 loco
631 4135 758 4202 veniam
781 4133 913 4220 habere,
941 4138 1051 4201 tamen
1077 4135 1110 4202 in
1137 4138 1198 4205 hae
1221 4140 1294 4225 ipsa
1317 4138 1479 4203 sententia

337 4243 526 4329 intellegere
549 4241 638 4306 visus
658 4264 729 4306 sum
748 4242 853 4307 locum
871 4243 924 4308 vix
942 4244 1026 4308 tueri
1044 4266 1149 4329 posse,
1172 4247 1228 4311 sed
1248 4245 1358 4310 sedere
1376 4261 1479 4327 pecem-

338 4370 432 4432 qnom
455 4347 578 4414 formae
601 4347 758 4412 debuisse.
778 4345 859 4411 ·Nec
875 4348 1003 4432 plaeere
1020 4369 1083 4415 non
1100 4351 1278 4435 particulae
1297 4349 1478 4418 conlocatio

145 4439 150 4448 ’
269 4469 272 4476 “
339 4458 478 4540 poterat,
500 4475 583 4539 qnae
605 4453 691 4520 hano
713 4453 820 4540 potius
844 4453 907 4518 sibi
929 4454 1108 4538 posituram
1131 4455 1333 4541 postulabat:
1358 4455 1480 4523 Termti
