<?xml version="1.0" encoding="UTF-8"?>
<!DOCTYPE html PUBLIC "-//W3C//DTD XHTML 1.0 Transitional//EN"
    "http://www.w3.org/TR/xhtml1/DTD/xhtml1-transitional.dtd">
<html xmlns="http://www.w3.org/1999/xhtml" xml:lang="en" lang="en">
 <head>
  <title>
</title>
<meta http-equiv="Content-Type" content="text/html;charset=utf-8" />
  <meta name='ocr-system' content='tesseract 3.04.00' />
  <meta name='ocr-capabilities' content='ocr_page ocr_carea ocr_par ocr_line ocrx_word'/>
</head>
<body>
  <div class='ocr_page' id='page_1' title='image "./fridericiritsch09wachgoog_0380.png"; bbox 0 0 3294 5104; ppageno 0'>
   <div class='ocr_carea' id='block_1_1' title="bbox 552 435 1333 504">
    <p class='ocr_par' dir='ltr' id='par_1_1' title="bbox 552 435 1333 504">
     <span class='ocr_line' id='line_1_1' title="bbox 552 435 1333 504; baseline -0.004 -2"><span class='ocrx_word' id='word_1_1' title='bbox 552 455 825 504; x_wconf 73' lang='lat' dir='ltr'><strong>mscrenrsnavu</strong></span> <span class='ocrx_word' id='word_1_2' title='bbox 849 455 973 502; x_wconf 84' lang='lat' dir='ltr'><strong>nrsms.</strong></span> <span class='ocrx_word' id='word_1_3' title='bbox 1267 435 1333 500; x_wconf 80' lang='lat'><strong>355</strong></span> 
     </span>
    </p>
   </div>
   <div class='ocr_carea' id='block_1_2' title="bbox 187 594 1360 2492">
    <p class='ocr_par' dir='ltr' id='par_1_2' title="bbox 187 594 1360 2492">
     <span class='ocr_line' id='line_1_2' title="bbox 190 594 1335 680; baseline 0 -20"><span class='ocrx_word' id='word_1_4' title='bbox 190 597 459 680; x_wconf 81' lang='lat' dir='ltr'><strong>quemadmodum</strong></span> <span class='ocrx_word' id='word_1_5' title='bbox 483 598 580 662; x_wconf 87' lang='lat' dir='ltr'><strong>etiam</strong></span> <span class='ocrx_word' id='word_1_6' title='bbox 605 596 817 663; x_wconf 84' lang='lat' dir='ltr'><strong>Cassiodorus</strong></span> <span class='ocrx_word' id='word_1_7' title='bbox 835 595 1087 680; x_wconf 82' lang='lat' dir='ltr'><strong>Variar.lll,52</strong></span> <span class='ocrx_word' id='word_1_8' title='bbox 1111 594 1149 658; x_wconf 89' lang='lat' dir='ltr'><strong>de</strong></span> <span class='ocrx_word' id='word_1_9' title='bbox 1169 597 1335 680; x_wconf 65' lang='lat' dir='ltr'><strong>proruebas</strong></span> 
     </span>
     <span class='ocr_line' id='line_1_3' title="bbox 189 701 1333 787; baseline 0 -21"><span class='ocrx_word' id='word_1_10' title='bbox 189 703 333 786; x_wconf 88' lang='lat' dir='ltr'><strong>loquitur</strong></span> <span class='ocrx_word' id='word_1_11' title='bbox 360 725 438 785; x_wconf 68' lang='lat' dir='ltr'><strong>proc</strong></span> <span class='ocrx_word' id='word_1_12' title='bbox 465 709 586 768; x_wconf 76' lang='lat' dir='ltr'><strong>tuutruu</strong></span> <span class='ocrx_word' id='word_1_13' title='bbox 613 707 649 769; x_wconf 78' lang='lat' dir='ltr'><strong>de</strong></span> <span class='ocrx_word' id='word_1_14' title='bbox 676 705 851 770; x_wconf 71' lang='lat' dir='ltr'><strong>coelestibus</strong></span> <span class='ocrx_word' id='word_1_15' title='bbox 878 706 1016 787; x_wconf 82' lang='lat' dir='ltr'><strong>disputet.</strong></span> <span class='ocrx_word' id='word_1_16' title='bbox 1064 701 1125 767; x_wconf 85' lang='lat' dir='ltr'><strong>Sed</strong></span> <span class='ocrx_word' id='word_1_17' title='bbox 1148 707 1257 767; x_wconf 89' lang='lat' dir='ltr'><strong>tamen</strong></span> <span class='ocrx_word' id='word_1_18' title='bbox 1281 701 1333 766; x_wconf 88' lang='lat' dir='ltr'><strong>his</strong></span> 
     </span>
     <span class='ocr_line' id='line_1_4' title="bbox 189 807 1334 894; baseline 0 -22"><span class='ocrx_word' id='word_1_19' title='bbox 189 809 354 874; x_wconf 86' lang='lat' dir='ltr'><strong>fatendum</strong></span> <span class='ocrx_word' id='word_1_20' title='bbox 378 815 428 874; x_wconf 89' lang='lat' dir='ltr'><strong>est</strong></span> <span class='ocrx_word' id='word_1_21' title='bbox 451 815 483 874; x_wconf 91' lang='lat' dir='ltr'><strong>et</strong></span> <span class='ocrx_word' id='word_1_22' title='bbox 505 810 709 876; x_wconf 77' lang='lat' dir='ltr'><strong>dialecticam</strong></span> <span class='ocrx_word' id='word_1_23' title='bbox 728 811 989 894; x_wconf 78' lang='lat' dir='ltr'><strong>praetermissam</strong></span> <span class='ocrx_word' id='word_1_24' title='bbox 1009 831 1078 874; x_wconf 88' lang='lat' dir='ltr'><strong>esse</strong></span> <span class='ocrx_word' id='word_1_25' title='bbox 1099 807 1187 894; x_wconf 89' lang='lat' dir='ltr'><strong>(nam</strong></span> <span class='ocrx_word' id='word_1_26' title='bbox 1208 809 1243 873; x_wconf 91' lang='lat' dir='ltr'><strong>in</strong></span> <span class='ocrx_word' id='word_1_27' title='bbox 1260 809 1334 872; x_wconf 92' lang='lat' dir='ltr'><strong>rhe-</strong></span> 
     </span>
     <span class='ocr_line' id='line_1_5' title="bbox 188 914 1334 1002; baseline -0.001 -23"><span class='ocrx_word' id='word_1_28' title='bbox 188 917 291 980; x_wconf 88' lang='lat' dir='ltr'><strong>torica</strong></span> <span class='ocrx_word' id='word_1_29' title='bbox 314 915 443 1000; x_wconf 91' lang='lat' dir='ltr'><strong>quidem</strong></span> <span class='ocrx_word' id='word_1_30' title='bbox 468 917 655 1000; x_wconf 83' lang='lat' dir='ltr'><strong>explicanda</strong></span> <span class='ocrx_word' id='word_1_31' title='bbox 678 921 767 982; x_wconf 88' lang='lat' dir='ltr'><strong>totus</strong></span> <span class='ocrx_word' id='word_1_32' title='bbox 792 921 840 981; x_wconf 89' lang='lat' dir='ltr'><strong>est</strong></span> <span class='ocrx_word' id='word_1_33' title='bbox 864 914 1033 1002; x_wconf 76' lang='lat' dir='ltr'><strong>scriptor),</strong></span> <span class='ocrx_word' id='word_1_34' title='bbox 1062 937 1121 980; x_wconf 93' lang='lat' dir='ltr'><strong>nec</strong></span> <span class='ocrx_word' id='word_1_35' title='bbox 1145 915 1195 980; x_wconf 87' lang='lat' dir='ltr'><strong>vel</strong></span> <span class='ocrx_word' id='word_1_36' title='bbox 1218 915 1334 1000; x_wconf 87' lang='lat' dir='ltr'><strong>singil-</strong></span> 
     </span>
     <span class='ocr_line' id='line_1_6' title="bbox 188 1007 1333 1107; baseline 0.001 -21"><span class='ocrx_word' id='word_1_37' title='bbox 188 1023 282 1086; x_wconf 85' lang='lat' dir='ltr'><strong>latim</strong></span> <span class='ocrx_word' id='word_1_38' title='bbox 307 1023 463 1088; x_wconf 86' lang='lat' dir='ltr'><strong>discretas</strong></span> <span class='ocrx_word' id='word_1_39' title='bbox 487 1025 538 1088; x_wconf 85' lang='lat' dir='ltr'><strong>vel</strong></span> <span class='ocrx_word' id='word_1_40' title='bbox 562 1027 650 1089; x_wconf 86' lang='lat' dir='ltr'><strong>certo</strong></span> <span class='ocrx_word' id='word_1_41' title='bbox 673 1007 806 1088; x_wconf 84' lang='lat' dir='ltr'><strong>numero</strong></span> <span class='ocrx_word' id='word_1_42' title='bbox 828 1023 976 1090; x_wconf 89' lang='lat' dir='ltr'><strong>definitas</strong></span> <span class='ocrx_word' id='word_1_43' title='bbox 996 1024 1147 1107; x_wconf 88' lang='lat' dir='ltr'><strong>reliquas.</strong></span> <span class='ocrx_word' id='word_1_44' title='bbox 1180 1023 1333 1107; x_wconf 81' lang='lat' dir='ltr'><strong>Idemque</strong></span> 
     </span>
     <span class='ocr_line' id='line_1_7' title="bbox 189 1129 1333 1214; baseline 0.001 -22"><span class='ocrx_word' id='word_1_45' title='bbox 189 1129 223 1192; x_wconf 92' lang='lat' dir='ltr'><strong>in</strong></span> <span class='ocrx_word' id='word_1_46' title='bbox 247 1129 443 1194; x_wconf 82' lang='lat' dir='ltr'><strong>Graecorum</strong></span> <span class='ocrx_word' id='word_1_47' title='bbox 468 1151 523 1194; x_wconf 93' lang='lat' dir='ltr'><strong>eos</strong></span> <span class='ocrx_word' id='word_1_48' title='bbox 547 1129 761 1213; x_wconf 89' lang='lat' dir='ltr'><strong>philosophos</strong></span> <span class='ocrx_word' id='word_1_49' title='bbox 785 1129 884 1212; x_wconf 88' lang='lat' dir='ltr'><strong>cadit,</strong></span> <span class='ocrx_word' id='word_1_50' title='bbox 918 1131 972 1214; x_wconf 91' lang='lat' dir='ltr'><strong>qui</strong></span> <span class='ocrx_word' id='word_1_51' title='bbox 1001 1129 1040 1194; x_wconf 89' lang='lat' dir='ltr'><strong>de</strong></span> <span class='ocrx_word' id='word_1_52' title='bbox 1069 1129 1194 1194; x_wconf 88' lang='lat' dir='ltr'><strong>artibus</strong></span> <span class='ocrx_word' id='word_1_53' title='bbox 1217 1129 1333 1193; x_wconf 90' lang='lat' dir='ltr'><strong>libera-</strong></span> 
     </span>
     <span class='ocr_line' id='line_1_8' title="bbox 188 1235 1333 1322; baseline 0.002 -24"><span class='ocrx_word' id='word_1_54' title='bbox 188 1235 281 1318; x_wconf 87' lang='lat' dir='ltr'><strong>libus,</strong></span> <span class='ocrx_word' id='word_1_55' title='bbox 306 1237 402 1301; x_wconf 90' lang='lat' dir='ltr'><strong>utiles</strong></span> <span class='ocrx_word' id='word_1_56' title='bbox 426 1257 467 1301; x_wconf 89' lang='lat' dir='ltr'><strong>an</strong></span> <span class='ocrx_word' id='word_1_57' title='bbox 490 1237 623 1302; x_wconf 88' lang='lat' dir='ltr'><strong>inutiles</strong></span> <span class='ocrx_word' id='word_1_58' title='bbox 647 1239 756 1301; x_wconf 88' lang='lat' dir='ltr'><strong>essent</strong></span> <span class='ocrx_word' id='word_1_59' title='bbox 777 1240 812 1300; x_wconf 88' lang='lat' dir='ltr'><strong>et</strong></span> <span class='ocrx_word' id='word_1_60' title='bbox 835 1259 855 1300; x_wconf 89' lang='lat' dir='ltr'><strong>a</strong></span> <span class='ocrx_word' id='word_1_61' title='bbox 873 1235 1081 1320; x_wconf 88' lang='lat' dir='ltr'><strong>philosophia</strong></span> <span class='ocrx_word' id='word_1_62' title='bbox 1105 1236 1333 1322; x_wconf 82' lang='lat' dir='ltr'><strong>segregandae,</strong></span> 
     </span>
     <span class='ocr_line' id='line_1_9' title="bbox 188 1341 1334 1428; baseline 0.003 -22"><span class='ocrx_word' id='word_1_63' title='bbox 188 1363 307 1427; x_wconf 86' lang='lat' dir='ltr'><strong>magna</strong></span> <span class='ocrx_word' id='word_1_64' title='bbox 331 1365 426 1426; x_wconf 82' lang='lat' dir='ltr'><strong>saepe</strong></span> <span class='ocrx_word' id='word_1_65' title='bbox 451 1366 523 1408; x_wconf 90' lang='lat' dir='ltr'><strong>cum</strong></span> <span class='ocrx_word' id='word_1_66' title='bbox 547 1343 752 1408; x_wconf 75' lang='lat' dir='ltr'><strong>contentione</strong></span> <span class='ocrx_word' id='word_1_67' title='bbox 776 1341 994 1428; x_wconf 88' lang='lat' dir='ltr'><strong>quaesierunt:</strong></span> <span class='ocrx_word' id='word_1_68' title='bbox 1024 1365 1041 1406; x_wconf 92' lang='lat' dir='ltr'><strong>e</strong></span> <span class='ocrx_word' id='word_1_69' title='bbox 1065 1366 1201 1428; x_wconf 90' lang='lat' dir='ltr'><strong>quornm</strong></span> <span class='ocrx_word' id='word_1_70' title='bbox 1225 1343 1334 1428; x_wconf 90' lang='lat' dir='ltr'><strong>dispu-</strong></span> 
     </span>
     <span class='ocr_line' id='line_1_10' title="bbox 187 1449 1333 1535; baseline 0.002 -23"><span class='ocrx_word' id='word_1_71' title='bbox 187 1449 366 1515; x_wconf 87' lang='lat' dir='ltr'><strong>tationibus</strong></span> <span class='ocrx_word' id='word_1_72' title='bbox 386 1471 544 1535; x_wconf 87' lang='lat' dir='ltr'><strong>quaenam</strong></span> <span class='ocrx_word' id='word_1_73' title='bbox 563 1453 802 1534; x_wconf 90' lang='lat' dir='ltr'><strong>cognoscantur</strong></span> <span class='ocrx_word' id='word_1_74' title='bbox 824 1449 973 1526; x_wconf 84' lang='grc' dir='ltr'>ἐγκύκλια</span> <span class='ocrx_word' id='word_1_75' title='bbox 996 1451 1163 1529; x_wconf 88' lang='grc' dir='ltr'>μαθήματα</span> <span class='ocrx_word' id='word_1_76' title='bbox 1186 1450 1238 1516; x_wconf 86' lang='lat' dir='ltr'><strong>vel</strong></span> <span class='ocrx_word' id='word_1_77' title='bbox 1262 1471 1333 1515; x_wconf 86' lang='grc' dir='ltr'>παι-</span> 
     </span>
     <span class='ocr_line' id='line_1_11' title="bbox 188 1555 1335 1642; baseline 0 -23"><span class='ocrx_word' id='word_1_78' title='bbox 188 1557 336 1636; x_wconf 85' lang='grc' dir='ltr'>δεύματα,</span> <span class='ocrx_word' id='word_1_79' title='bbox 360 1556 412 1621; x_wconf 92' lang='lat' dir='ltr'><strong>hic</strong></span> <span class='ocrx_word' id='word_1_80' title='bbox 437 1578 594 1641; x_wconf 88' lang='lat' dir='ltr'><strong>exponere</strong></span> <span class='ocrx_word' id='word_1_81' title='bbox 618 1557 753 1641; x_wconf 86' lang='lat' dir='ltr'><strong>longum</strong></span> <span class='ocrx_word' id='word_1_82' title='bbox 777 1559 840 1620; x_wconf 90' lang='lat' dir='ltr'><strong>est:</strong></span> <span class='ocrx_word' id='word_1_83' title='bbox 864 1577 966 1640; x_wconf 90' lang='lat' dir='ltr'><strong>neque</strong></span> <span class='ocrx_word' id='word_1_84' title='bbox 990 1556 1075 1620; x_wconf 91' lang='lat' dir='ltr'><strong>enim</strong></span> <span class='ocrx_word' id='word_1_85' title='bbox 1099 1555 1131 1620; x_wconf 91' lang='lat' dir='ltr'><strong>id</strong></span> <span class='ocrx_word' id='word_1_86' title='bbox 1151 1557 1277 1642; x_wconf 85' lang='lat' dir='ltr'><strong>agimus</strong></span> <span class='ocrx_word' id='word_1_87' title='bbox 1298 1560 1335 1620; x_wconf 86' lang='lat' dir='ltr'><strong>ut</strong></span> 
     </span>
     <span class='ocr_line' id='line_1_12' title="bbox 187 1661 1334 1746; baseline 0.002 -22"><span class='ocrx_word' id='word_1_88' title='bbox 187 1661 371 1726; x_wconf 89' lang='lat' dir='ltr'><strong>litterarum</strong></span> <span class='ocrx_word' id='word_1_89' title='bbox 401 1663 486 1745; x_wconf 86' lang='lat' dir='ltr'><strong>apud</strong></span> <span class='ocrx_word' id='word_1_90' title='bbox 517 1667 641 1728; x_wconf 85' lang='lat' dir='ltr'><strong>veteres</strong></span> <span class='ocrx_word' id='word_1_91' title='bbox 671 1662 844 1727; x_wconf 87' lang='lat' dir='ltr'><strong>historiam</strong></span> <span class='ocrx_word' id='word_1_92' title='bbox 873 1666 1094 1746; x_wconf 81' lang='lat' dir='ltr'><strong>pertexamus,</strong></span> <span class='ocrx_word' id='word_1_93' title='bbox 1127 1667 1159 1726; x_wconf 90' lang='lat' dir='ltr'><strong>et</strong></span> <span class='ocrx_word' id='word_1_94' title='bbox 1189 1662 1268 1726; x_wconf 90' lang='lat' dir='ltr'><strong>satis</strong></span> <span class='ocrx_word' id='word_1_95' title='bbox 1299 1663 1334 1726; x_wconf 89' lang='lat' dir='ltr'><strong>in</strong></span> 
     </span>
     <span class='ocr_line' id='line_1_13' title="bbox 188 1766 1332 1853; baseline 0.001 -22"><span class='ocrx_word' id='word_1_96' title='bbox 188 1769 250 1832; x_wconf 90' lang='lat' dir='ltr'><strong>hoc</strong></span> <span class='ocrx_word' id='word_1_97' title='bbox 274 1788 392 1850; x_wconf 83' lang='lat' dir='ltr'><strong>genere</strong></span> <span class='ocrx_word' id='word_1_98' title='bbox 414 1767 611 1852; x_wconf 85' lang='lat' dir='ltr'><strong>Wowerius,</strong></span> <span class='ocrx_word' id='word_1_99' title='bbox 635 1767 786 1853; x_wconf 85' lang='lat' dir='ltr'><strong>Vossius,</strong></span> <span class='ocrx_word' id='word_1_100' title='bbox 809 1766 1012 1852; x_wconf 90' lang='lat' dir='ltr'><strong>Meinersius,</strong></span> <span class='ocrx_word' id='word_1_101' title='bbox 1036 1769 1092 1833; x_wconf 89' lang='lat' dir='ltr'><strong>alii</strong></span> <span class='ocrx_word' id='word_1_102' title='bbox 1115 1769 1332 1833; x_wconf 85' lang='lat' dir='ltr'><strong>elaborarunt.</strong></span> 
     </span>
     <span class='ocr_line' id='line_1_14' title="bbox 187 1872 1333 1960; baseline 0.003 -23"><span class='ocrx_word' id='word_1_103' title='bbox 187 1873 215 1937; x_wconf 82' lang='lat' dir='ltr'>E</span> <span class='ocrx_word' id='word_1_104' title='bbox 249 1872 407 1937; x_wconf 88' lang='lat' dir='ltr'><strong>Romanis</strong></span> <span class='ocrx_word' id='word_1_105' title='bbox 442 1877 549 1938; x_wconf 87' lang='lat' dir='ltr'><strong>autem</strong></span> <span class='ocrx_word' id='word_1_106' title='bbox 582 1873 768 1939; x_wconf 89' lang='lat' dir='ltr'><strong>hominibus</strong></span> <span class='ocrx_word' id='word_1_107' title='bbox 805 1875 971 1960; x_wconf 87' lang='lat' dir='ltr'><strong>aliquanto</strong></span> <span class='ocrx_word' id='word_1_108' title='bbox 1010 1874 1198 1960; x_wconf 90' lang='lat' dir='ltr'><strong>diligentius</strong></span> <span class='ocrx_word' id='word_1_109' title='bbox 1237 1899 1333 1960; x_wconf 89' lang='lat' dir='ltr'><strong>quam</strong></span> 
     </span>
     <span class='ocr_line' id='line_1_15' title="bbox 188 1978 1334 2067; baseline 0.003 -26"><span class='ocrx_word' id='word_1_110' title='bbox 188 1978 406 2055; x_wconf 79' lang='lat' dir='ltr'><strong>Quintilianus</strong></span> <span class='ocrx_word' id='word_1_111' title='bbox 430 1979 576 2064; x_wconf 88' lang='lat' dir='ltr'><strong>singulas</strong></span> <span class='ocrx_word' id='word_1_112' title='bbox 600 1980 712 2065; x_wconf 88' lang='lat' dir='ltr'><strong>attigit</strong></span> <span class='ocrx_word' id='word_1_113' title='bbox 731 1979 853 2048; x_wconf 86' lang='lat' dir='ltr'><strong>Seneca</strong></span> <span class='ocrx_word' id='word_1_114' title='bbox 876 1983 1015 2067; x_wconf 88' lang='lat' dir='ltr'><strong>epistula</strong></span> <span class='ocrx_word' id='word_1_115' title='bbox 1041 1984 1093 2066; x_wconf 89' lang='lat'><strong>88,</strong></span> <span class='ocrx_word' id='word_1_116' title='bbox 1116 2005 1180 2067; x_wconf 86' lang='lat' dir='ltr'><strong>qua</strong></span> <span class='ocrx_word' id='word_1_117' title='bbox 1203 1983 1241 2047; x_wconf 91' lang='lat' dir='ltr'><strong>de</strong></span> <span class='ocrx_word' id='word_1_118' title='bbox 1266 1983 1334 2046; x_wconf 82' lang='lat' dir='ltr'><strong>libe·</strong></span> 
     </span>
     <span class='ocr_line' id='line_1_16' title="bbox 187 2085 1333 2175; baseline 0.002 -25"><span class='ocrx_word' id='word_1_119' title='bbox 187 2085 306 2151; x_wconf 69' lang='lat' dir='ltr'><strong>rolens</strong></span> <span class='ocrx_word' id='word_1_120' title='bbox 328 2087 441 2151; x_wconf 78' lang='lat' dir='ltr'><strong>studiis</strong></span> <span class='ocrx_word' id='word_1_121' title='bbox 463 2086 623 2152; x_wconf 89' lang='lat' dir='ltr'><strong>disserens</strong></span> <span class='ocrx_word' id='word_1_122' title='bbox 648 2087 745 2172; x_wconf 91' lang='lat' dir='ltr'><strong>(unde</strong></span> <span class='ocrx_word' id='word_1_123' title='bbox 764 2088 887 2154; x_wconf 89' lang='lat' dir='ltr'><strong>factum</strong></span> <span class='ocrx_word' id='word_1_124' title='bbox 910 2093 947 2155; x_wconf 92' lang='lat' dir='ltr'><strong>ut</strong></span> <span class='ocrx_word' id='word_1_125' title='bbox 970 2091 1004 2154; x_wconf 92' lang='lat' dir='ltr'><strong>in</strong></span> <span class='ocrx_word' id='word_1_126' title='bbox 1029 2088 1221 2175; x_wconf 90' lang='lat' dir='ltr'><strong>quibusdem</strong></span> <span class='ocrx_word' id='word_1_127' title='bbox 1241 2090 1333 2154; x_wconf 89' lang='lat' dir='ltr'><strong>codd.</strong></span> 
     </span>
     <span class='ocr_line' id='line_1_17' title="bbox 188 2193 1334 2280; baseline 0.003 -24"><span class='ocrx_word' id='word_1_128' title='bbox 188 2197 220 2256; x_wconf 90' lang='lat' dir='ltr'><strong>et</strong></span> <span class='ocrx_word' id='word_1_129' title='bbox 243 2215 388 2257; x_wconf 89' lang='lat' dir='ltr'><strong>seorsum</strong></span> <span class='ocrx_word' id='word_1_130' title='bbox 412 2193 572 2261; x_wconf 86' lang='lat' dir='ltr'><strong>collocata</strong></span> <span class='ocrx_word' id='word_1_131' title='bbox 594 2199 627 2260; x_wconf 89' lang='lat' dir='ltr'><strong>et</strong></span> <span class='ocrx_word' id='word_1_132' title='bbox 649 2197 685 2261; x_wconf 78' lang='lat' dir='ltr'><strong>dc</strong></span> <span class='ocrx_word' id='word_1_133' title='bbox 706 2201 818 2279; x_wconf 68' lang='lat' dir='ltr'><strong>scpbm</strong></span> <span class='ocrx_word' id='word_1_134' title='bbox 841 2196 1016 2261; x_wconf 76' lang='lat' dir='ltr'><strong>liberalebus</strong></span> <span class='ocrx_word' id='word_1_135' title='bbox 1034 2195 1154 2260; x_wconf 74' lang='lat' dir='ltr'><strong>artibus</strong></span> <span class='ocrx_word' id='word_1_136' title='bbox 1176 2197 1334 2280; x_wconf 84' lang='lat' dir='ltr'><strong>inscripta</strong></span> 
     </span>
     <span class='ocr_line' id='line_1_18' title="bbox 187 2298 1360 2386; baseline 0.001 -23"><span class='ocrx_word' id='word_1_137' title='bbox 187 2298 245 2386; x_wconf 85' lang='lat' dir='ltr'><strong>sit)</strong></span> <span class='ocrx_word' id='word_1_138' title='bbox 265 2303 516 2383; x_wconf 79' lang='lat' dir='ltr'><strong>pr&#39;umruuticour,</strong></span> <span class='ocrx_word' id='word_1_139' title='bbox 536 2303 746 2384; x_wconf 68' lang='lat' dir='ltr'><strong>protectricem,</strong></span> <span class='ocrx_word' id='word_1_140' title='bbox 769 2302 932 2379; x_wconf 79' lang='lat' dir='ltr'><strong>rausicum,</strong></span> <span class='ocrx_word' id='word_1_141' title='bbox 955 2301 1180 2366; x_wconf 80' lang='lat' dir='ltr'><strong>arithmeticum</strong></span> <span class='ocrx_word' id='word_1_142' title='bbox 1204 2309 1237 2367; x_wconf 90' lang='lat' dir='ltr'><strong>et</strong></span> <span class='ocrx_word' id='word_1_143' title='bbox 1260 2321 1360 2366; x_wconf 68' lang='lat' dir='ltr'><strong>eamr</strong></span> 
     </span>
     <span class='ocr_line' id='line_1_19' title="bbox 187 2407 1334 2492; baseline 0.001 -21"><span class='ocrx_word' id='word_1_144' title='bbox 187 2409 290 2471; x_wconf 84' lang='lat' dir='ltr'><strong>artem</strong></span> <span class='ocrx_word' id='word_1_145' title='bbox 313 2408 506 2492; x_wconf 87' lang='lat' dir='ltr'><strong>perstringit</strong></span> <span class='ocrx_word' id='word_1_146' title='bbox 530 2429 612 2492; x_wconf 88' lang='lat' dir='ltr'><strong>quae</strong></span> <span class='ocrx_word' id='word_1_147' title='bbox 635 2408 809 2472; x_wconf 78' lang='lat' dir='ltr'><strong>caelestium</strong></span> <span class='ocrx_word' id='word_1_148' title='bbox 826 2407 938 2470; x_wconf 75' lang='lat' dir='ltr'><strong>noreio</strong></span> <span class='ocrx_word' id='word_1_149' title='bbox 962 2407 1153 2472; x_wconf 88' lang='lat' dir='ltr'><strong>continetur.</strong></span> <span class='ocrx_word' id='word_1_150' title='bbox 1180 2407 1280 2472; x_wconf 87' lang='lat' dir='ltr'><strong>Vides</strong></span> <span class='ocrx_word' id='word_1_151' title='bbox 1301 2412 1334 2472; x_wconf 90' lang='lat' dir='ltr'><strong>et</strong></span> 
     </span>
    </p>
   </div>
   <div class='ocr_carea' id='block_1_3' title="bbox 188 2510 1466 2598">
    <p class='ocr_par' dir='ltr' id='par_1_3' title="bbox 188 2510 1466 2598">
     <span class='ocr_line' id='line_1_20' title="bbox 188 2510 1466 2598; baseline 0.002 -22"><span class='ocrx_word' id='word_1_152' title='bbox 188 2513 281 2596; x_wconf 90' lang='lat' dir='ltr'><strong>plene</strong></span> <span class='ocrx_word' id='word_1_153' title='bbox 305 2517 338 2577; x_wconf 88' lang='lat' dir='ltr'><strong>et</strong></span> <span class='ocrx_word' id='word_1_154' title='bbox 362 2511 514 2577; x_wconf 88' lang='lat' dir='ltr'><strong>distincte</strong></span> <span class='ocrx_word' id='word_1_155' title='bbox 538 2510 735 2597; x_wconf 90' lang='lat' dir='ltr'><strong>(promiscuo</strong></span> <span class='ocrx_word' id='word_1_156' title='bbox 760 2513 845 2577; x_wconf 91' lang='lat' dir='ltr'><strong>enim</strong></span> <span class='ocrx_word' id='word_1_157' title='bbox 864 2513 1052 2598; x_wconf 88' lang='lat' dir='ltr'><strong>disputandi</strong></span> <span class='ocrx_word' id='word_1_158' title='bbox 1076 2515 1187 2581; x_wconf 92' lang='lat' dir='ltr'><strong>ordine</strong></span> <span class='ocrx_word' id='word_1_159' title='bbox 1210 2515 1245 2580; x_wconf 92' lang='lat' dir='ltr'><strong>in</strong></span> <span class='ocrx_word' id='word_1_160' title='bbox 1268 2516 1332 2579; x_wconf 88' lang='lat' dir='ltr'><strong>sin·</strong></span> <span class='ocrx_word' id='word_1_161' title='bbox 1455 2537 1466 2550; x_wconf 60' lang='lat'>⁸</span> 
     </span>
    </p>
   </div>
   <div class='ocr_carea' id='block_1_4' title="bbox 185 2617 1413 4515">
    <p class='ocr_par' dir='ltr' id='par_1_4' title="bbox 185 2617 1333 4206">
     <span class='ocr_line' id='line_1_21' title="bbox 187 2617 1331 2706; baseline 0.002 -24"><span class='ocrx_word' id='word_1_162' title='bbox 187 2619 272 2702; x_wconf 90' lang='lat' dir='ltr'><strong>gulis</strong></span> <span class='ocrx_word' id='word_1_163' title='bbox 295 2617 522 2704; x_wconf 89' lang='lat' dir='ltr'><strong>percensendis</strong></span> <span class='ocrx_word' id='word_1_164' title='bbox 547 2617 664 2704; x_wconf 85' lang='lat' dir='ltr'><strong>utitur)</strong></span> <span class='ocrx_word' id='word_1_165' title='bbox 687 2640 727 2683; x_wconf 91' lang='lat' dir='ltr'><strong>ne</strong></span> <span class='ocrx_word' id='word_1_166' title='bbox 751 2619 836 2684; x_wconf 92' lang='lat' dir='ltr'><strong>huno</strong></span> <span class='ocrx_word' id='word_1_167' title='bbox 861 2620 989 2704; x_wconf 90' lang='lat' dir='ltr'><strong>quidem</strong></span> <span class='ocrx_word' id='word_1_168' title='bbox 1013 2621 1164 2686; x_wconf 86' lang='lat' dir='ltr'><strong>liberales</strong></span> <span class='ocrx_word' id='word_1_169' title='bbox 1188 2621 1331 2706; x_wconf 90' lang='lat' dir='ltr'><strong>discipli-</strong></span> 
     </span>
     <span class='ocr_line' id='line_1_22' title="bbox 187 2725 1332 2810; baseline 0.002 -22"><span class='ocrx_word' id='word_1_170' title='bbox 187 2747 256 2809; x_wconf 86' lang='lat' dir='ltr'><strong>nas,</strong></span> <span class='ocrx_word' id='word_1_171' title='bbox 279 2727 391 2810; x_wconf 84' lang='lat' dir='ltr'><strong>quales</strong></span> <span class='ocrx_word' id='word_1_172' title='bbox 415 2726 569 2790; x_wconf 86' lang='lat' dir='ltr'><strong>insecutis</strong></span> <span class='ocrx_word' id='word_1_173' title='bbox 593 2725 730 2789; x_wconf 87' lang='lat' dir='ltr'><strong>saeculis</strong></span> <span class='ocrx_word' id='word_1_174' title='bbox 755 2725 916 2790; x_wconf 86' lang='lat' dir='ltr'><strong>communi</strong></span> <span class='ocrx_word' id='word_1_175' title='bbox 940 2748 1100 2792; x_wconf 91' lang='lat' dir='ltr'><strong>consensu</strong></span> <span class='ocrx_word' id='word_1_176' title='bbox 1123 2727 1259 2791; x_wconf 87' lang='lat' dir='ltr'><strong>tractari</strong></span> <span class='ocrx_word' id='word_1_177' title='bbox 1283 2749 1332 2791; x_wconf 91' lang='lat' dir='ltr'><strong>so-</strong></span> 
     </span>
     <span class='ocr_line' id='line_1_23' title="bbox 188 2831 1333 2916; baseline 0.002 -22"><span class='ocrx_word' id='word_1_178' title='bbox 188 2831 267 2894; x_wconf 88' lang='lat' dir='ltr'><strong>litae</strong></span> <span class='ocrx_word' id='word_1_179' title='bbox 301 2836 389 2916; x_wconf 91' lang='lat' dir='ltr'><strong>sunt,</strong></span> <span class='ocrx_word' id='word_1_180' title='bbox 422 2832 629 2916; x_wconf 89' lang='lat' dir='ltr'><strong>descripsisse</strong></span> <span class='ocrx_word' id='word_1_181' title='bbox 659 2831 693 2895; x_wconf 92' lang='lat' dir='ltr'><strong>in</strong></span> <span class='ocrx_word' id='word_1_182' title='bbox 722 2835 907 2915; x_wconf 87' lang='lat' dir='ltr'><strong>certumque</strong></span> <span class='ocrx_word' id='word_1_183' title='bbox 939 2833 1050 2897; x_wconf 88' lang='lat' dir='ltr'><strong>orbern</strong></span> <span class='ocrx_word' id='word_1_184' title='bbox 1081 2832 1234 2915; x_wconf 86' lang='lat' dir='ltr'><strong>coegisse.</strong></span> <span class='ocrx_word' id='word_1_185' title='bbox 1289 2831 1333 2896; x_wconf 83' lang='lat' dir='ltr'><strong>Et</strong></span> 
     </span>
     <span class='ocr_line' id='line_1_24' title="bbox 187 2937 1333 3023; baseline 0.002 -23"><span class='ocrx_word' id='word_1_186' title='bbox 187 2941 296 3002; x_wconf 86' lang='lat' dir='ltr'><strong>tamen</strong></span> <span class='ocrx_word' id='word_1_187' title='bbox 319 2937 352 3001; x_wconf 93' lang='lat' dir='ltr'><strong>id</strong></span> <span class='ocrx_word' id='word_1_188' title='bbox 375 2939 480 3022; x_wconf 91' lang='lat' dir='ltr'><strong>ipsum</strong></span> <span class='ocrx_word' id='word_1_189' title='bbox 504 2959 624 3023; x_wconf 86' lang='lat' dir='ltr'><strong>magno</strong></span> <span class='ocrx_word' id='word_1_190' title='bbox 648 2941 722 3002; x_wconf 88' lang='lat' dir='ltr'><strong>ante</strong></span> <span class='ocrx_word' id='word_1_191' title='bbox 742 2937 978 3014; x_wconf 81' lang='lat' dir='ltr'><strong>Quintilianum</strong></span> <span class='ocrx_word' id='word_1_192' title='bbox 998 2938 1216 3022; x_wconf 80' lang='lat' dir='ltr'><strong>Senonumque</strong></span> <span class='ocrx_word' id='word_1_193' title='bbox 1235 2939 1333 3004; x_wconf 91' lang='lat' dir='ltr'><strong>inter-</strong></span> 
     </span>
     <span class='ocr_line' id='line_1_25' title="bbox 187 3043 1332 3130; baseline 0.004 -24"><span class='ocrx_word' id='word_1_194' title='bbox 187 3043 275 3108; x_wconf 88' lang='lat' dir='ltr'><strong>vallo</strong></span> <span class='ocrx_word' id='word_1_195' title='bbox 303 3044 426 3128; x_wconf 90' lang='lat' dir='ltr'><strong>pridem</strong></span> <span class='ocrx_word' id='word_1_196' title='bbox 454 3043 577 3109; x_wconf 85' lang='lat' dir='ltr'><strong>factum</strong></span> <span class='ocrx_word' id='word_1_197' title='bbox 605 3049 676 3109; x_wconf 90' lang='lat' dir='ltr'><strong>erat</strong></span> <span class='ocrx_word' id='word_1_198' title='bbox 703 3045 800 3130; x_wconf 88' lang='lat' dir='ltr'><strong>longe</strong></span> <span class='ocrx_word' id='word_1_199' title='bbox 823 3045 1080 3110; x_wconf 90' lang='lat' dir='ltr'><strong>luculentissimo</strong></span> <span class='ocrx_word' id='word_1_200' title='bbox 1104 3047 1172 3111; x_wconf 90' lang='lat' dir='ltr'><strong>eius</strong></span> <span class='ocrx_word' id='word_1_201' title='bbox 1196 3047 1258 3111; x_wconf 85' lang='lat' dir='ltr'><strong>riri</strong></span> <span class='ocrx_word' id='word_1_202' title='bbox 1282 3069 1332 3111; x_wconf 84' lang='lat' dir='ltr'><strong>ex·</strong></span> 
     </span>
     <span class='ocr_line' id='line_1_26' title="bbox 187 3151 1330 3238; baseline 0.004 -25"><span class='ocrx_word' id='word_1_203' title='bbox 187 3151 307 3234; x_wconf 90' lang='lat' dir='ltr'><strong>emplo,</strong></span> <span class='ocrx_word' id='word_1_204' title='bbox 340 3152 430 3216; x_wconf 89' lang='lat' dir='ltr'><strong>cuius</strong></span> <span class='ocrx_word' id='word_1_205' title='bbox 458 3153 625 3236; x_wconf 87' lang='lat' dir='ltr'><strong>praeclara</strong></span> <span class='ocrx_word' id='word_1_206' title='bbox 655 3153 814 3217; x_wconf 90' lang='lat' dir='ltr'><strong>industria</strong></span> <span class='ocrx_word' id='word_1_207' title='bbox 843 3155 875 3216; x_wconf 92' lang='lat' dir='ltr'><strong>et</strong></span> <span class='ocrx_word' id='word_1_208' title='bbox 902 3175 1034 3236; x_wconf 90' lang='lat' dir='ltr'><strong>prorsus</strong></span> <span class='ocrx_word' id='word_1_209' title='bbox 1067 3153 1330 3238; x_wconf 88' lang='lat' dir='ltr'><strong>incomparabilis</strong></span> 
     </span>
     <span class='ocr_line' id='line_1_27' title="bbox 187 3257 1330 3326; baseline 0.003 -7"><span class='ocrx_word' id='word_1_210' title='bbox 187 3257 325 3322; x_wconf 88' lang='lat' dir='ltr'><strong>eruditio</strong></span> <span class='ocrx_word' id='word_1_211' title='bbox 349 3258 432 3322; x_wconf 88' lang='lat' dir='ltr'><strong>nihil</strong></span> <span class='ocrx_word' id='word_1_212' title='bbox 456 3260 506 3323; x_wconf 86' lang='lat' dir='ltr'><strong>vel</strong></span> <span class='ocrx_word' id='word_1_213' title='bbox 529 3259 743 3326; x_wconf 88' lang='lat' dir='ltr'><strong>humanarum</strong></span> <span class='ocrx_word' id='word_1_214' title='bbox 763 3261 814 3326; x_wconf 76' lang='lat' dir='ltr'><strong>vel</strong></span> <span class='ocrx_word' id='word_1_215' title='bbox 833 3259 1014 3325; x_wconf 87' lang='lat' dir='ltr'><strong>divinarum</strong></span> <span class='ocrx_word' id='word_1_216' title='bbox 1038 3282 1145 3324; x_wconf 90' lang='lat' dir='ltr'><strong>rerum</strong></span> <span class='ocrx_word' id='word_1_217' title='bbox 1168 3282 1233 3326; x_wconf 93' lang='lat' dir='ltr'><strong>non</strong></span> <span class='ocrx_word' id='word_1_218' title='bbox 1256 3261 1330 3324; x_wconf 85' lang='lat' dir='ltr'><strong>atti-</strong></span> 
     </span>
     <span class='ocr_line' id='line_1_28' title="bbox 187 3363 1331 3450; baseline 0.005 -24"><span class='ocrx_word' id='word_1_219' title='bbox 187 3363 246 3447; x_wconf 87' lang='lat' dir='ltr'><strong>git,</strong></span> <span class='ocrx_word' id='word_1_220' title='bbox 268 3365 367 3428; x_wconf 88' lang='lat' dir='ltr'><strong>immo</strong></span> <span class='ocrx_word' id='word_1_221' title='bbox 393 3365 516 3450; x_wconf 89' lang='lat' dir='ltr'><strong>ingenii</strong></span> <span class='ocrx_word' id='word_1_222' title='bbox 540 3367 590 3431; x_wconf 89' lang='lat' dir='ltr'><strong>sui</strong></span> <span class='ocrx_word' id='word_1_223' title='bbox 613 3367 733 3431; x_wconf 90' lang='lat' dir='ltr'><strong>lumine</strong></span> <span class='ocrx_word' id='word_1_224' title='bbox 756 3389 822 3433; x_wconf 88' lang='lat' dir='ltr'><strong>non</strong></span> <span class='ocrx_word' id='word_1_225' title='bbox 846 3367 1064 3431; x_wconf 86' lang='lat' dir='ltr'><strong>collustravit:</strong></span> <span class='ocrx_word' id='word_1_226' title='bbox 1092 3365 1135 3432; x_wconf 90' lang='lat' dir='ltr'><strong>M.</strong></span> <span class='ocrx_word' id='word_1_227' title='bbox 1158 3365 1331 3433; x_wconf 83' lang='lat' dir='ltr'><strong>Terentii</strong></span> 
     </span>
     <span class='ocr_line' id='line_1_29' title="bbox 187 3468 1330 3557; baseline 0.002 -23"><span class='ocrx_word' id='word_1_228' title='bbox 187 3468 382 3536; x_wconf 91' lang='lat' dir='ltr'><strong>Varronis.</strong></span> <span class='ocrx_word' id='word_1_229' title='bbox 427 3469 526 3536; x_wconf 69' lang='lat' dir='ltr'><strong>(larius</strong></span> <span class='ocrx_word' id='word_1_230' title='bbox 554 3473 602 3537; x_wconf 90' lang='lat' dir='ltr'><strong>rei</strong></span> <span class='ocrx_word' id='word_1_231' title='bbox 630 3473 820 3538; x_wconf 89' lang='lat' dir='ltr'><strong>memoriam</strong></span> <span class='ocrx_word' id='word_1_232' title='bbox 843 3477 1026 3556; x_wconf 89' lang='lat' dir='ltr'><strong>temporum</strong></span> <span class='ocrx_word' id='word_1_233' title='bbox 1049 3472 1220 3557; x_wconf 85' lang='lat' dir='ltr'><strong>iniquitate</strong></span> <span class='ocrx_word' id='word_1_234' title='bbox 1244 3473 1330 3538; x_wconf 86' lang='lat' dir='ltr'><strong>haud</strong></span> 
     </span>
     <span class='ocr_line' id='line_1_30' title="bbox 188 3577 1330 3663; baseline 0.003 -24"><span class='ocrx_word' id='word_1_235' title='bbox 188 3577 334 3659; x_wconf 89' lang='lat' dir='ltr'><strong>paullum</strong></span> <span class='ocrx_word' id='word_1_236' title='bbox 349 3578 565 3663; x_wconf 87' lang='lat' dir='ltr'><strong>obscuratam,</strong></span> <span class='ocrx_word' id='word_1_237' title='bbox 580 3578 675 3642; x_wconf 92' lang='lat' dir='ltr'><strong>hodie</strong></span> <span class='ocrx_word' id='word_1_238' title='bbox 695 3583 803 3642; x_wconf 90' lang='lat' dir='ltr'><strong>autem</strong></span> <span class='ocrx_word' id='word_1_239' title='bbox 822 3577 1053 3662; x_wconf 90' lang='lat' dir='ltr'><strong>propemodum</strong></span> <span class='ocrx_word' id='word_1_240' title='bbox 1072 3578 1330 3662; x_wconf 86' lang='lat' dir='ltr'><strong>intermortuam,</strong></span> 
     </span>
     <span class='ocr_line' id='line_1_31' title="bbox 186 3683 1330 3770; baseline 0 -23"><span class='ocrx_word' id='word_1_241' title='bbox 186 3705 333 3748; x_wconf 85' lang='lat' dir='ltr'><strong>senune</strong></span> <span class='ocrx_word' id='word_1_242' title='bbox 357 3683 533 3750; x_wconf 90' lang='lat' dir='ltr'><strong>studiosius</strong></span> <span class='ocrx_word' id='word_1_243' title='bbox 562 3707 693 3770; x_wconf 88' lang='lat' dir='ltr'><strong>operam</strong></span> <span class='ocrx_word' id='word_1_244' title='bbox 722 3685 870 3749; x_wconf 88' lang='lat' dir='ltr'><strong>dabimus</strong></span> <span class='ocrx_word' id='word_1_245' title='bbox 895 3688 931 3748; x_wconf 91' lang='lat' dir='ltr'><strong>ut</strong></span> <span class='ocrx_word' id='word_1_246' title='bbox 954 3689 1110 3769; x_wconf 90' lang='lat' dir='ltr'><strong>quantum</strong></span> <span class='ocrx_word' id='word_1_247' title='bbox 1133 3685 1202 3748; x_wconf 88' lang='lat' dir='ltr'><strong>fieri</strong></span> <span class='ocrx_word' id='word_1_248' title='bbox 1226 3687 1330 3768; x_wconf 88' lang='lat' dir='ltr'><strong>possit</strong></span> 
     </span>
     <span class='ocr_line' id='line_1_32' title="bbox 186 3789 1330 3877; baseline 0.003 -24"><span class='ocrx_word' id='word_1_249' title='bbox 186 3789 455 3876; x_wconf 88' lang='lat' dir='ltr'><strong>redintegremus,</strong></span> <span class='ocrx_word' id='word_1_250' title='bbox 487 3815 551 3877; x_wconf 89' lang='lat' dir='ltr'><strong>quo</strong></span> <span class='ocrx_word' id='word_1_251' title='bbox 579 3792 766 3877; x_wconf 89' lang='lat' dir='ltr'><strong>persuasius</strong></span> <span class='ocrx_word' id='word_1_252' title='bbox 793 3791 951 3857; x_wconf 90' lang='lat' dir='ltr'><strong>habemus</strong></span> <span class='ocrx_word' id='word_1_253' title='bbox 978 3791 1039 3874; x_wconf 91' lang='lat' dir='ltr'><strong>eis,</strong></span> <span class='ocrx_word' id='word_1_254' title='bbox 1072 3813 1207 3875; x_wconf 89' lang='lat' dir='ltr'><strong>quorum</strong></span> <span class='ocrx_word' id='word_1_255' title='bbox 1232 3814 1330 3875; x_wconf 89' lang='lat' dir='ltr'><strong>supra</strong></span> 
     </span>
     <span class='ocr_line' id='line_1_33' title="bbox 185 3896 1328 3984; baseline 0.003 -25"><span class='ocrx_word' id='word_1_256' title='bbox 185 3896 375 3961; x_wconf 83' lang='lat' dir='ltr'><strong>testimonia</strong></span> <span class='ocrx_word' id='word_1_257' title='bbox 402 3899 655 3984; x_wconf 90' lang='lat' dir='ltr'><strong>composuimus,</strong></span> <span class='ocrx_word' id='word_1_258' title='bbox 688 3899 900 3984; x_wconf 90' lang='lat' dir='ltr'><strong>scriptoribus</strong></span> <span class='ocrx_word' id='word_1_259' title='bbox 928 3898 1036 3982; x_wconf 90' lang='lat' dir='ltr'><strong>ipsum</strong></span> <span class='ocrx_word' id='word_1_260' title='bbox 1059 3897 1240 3963; x_wconf 89' lang='lat' dir='ltr'><strong>Varronem</strong></span> <span class='ocrx_word' id='word_1_261' title='bbox 1264 3919 1328 3964; x_wconf 91' lang='lat' dir='ltr'><strong>non</strong></span> 
     </span>
     <span class='ocr_line' id='line_1_34' title="bbox 187 3985 1328 4090; baseline 0 -24"><span class='ocrx_word' id='word_1_262' title='bbox 187 4003 303 4087; x_wconf 81' lang='lat' dir='ltr'><strong>exigua</strong></span> <span class='ocrx_word' id='word_1_263' title='bbox 327 4025 364 4068; x_wconf 84' lang='lat' dir='ltr'><strong>ex</strong></span> <span class='ocrx_word' id='word_1_264' title='bbox 383 4007 476 4087; x_wconf 86' lang='lat' dir='ltr'><strong>parte</strong></span> <span class='ocrx_word' id='word_1_265' title='bbox 499 4007 665 4070; x_wconf 88' lang='lat' dir='ltr'><strong>auctorem</strong></span> <span class='ocrx_word' id='word_1_266' title='bbox 688 4009 721 4070; x_wconf 90' lang='lat' dir='ltr'><strong>et</strong></span> <span class='ocrx_word' id='word_1_267' title='bbox 744 3985 925 4090; x_wconf 73' lang='lat' dir='ltr'><strong>ixemplum</strong></span> <span class='ocrx_word' id='word_1_268' title='bbox 950 4005 1113 4071; x_wconf 87' lang='lat' dir='ltr'><strong>exstitisse</strong></span> <span class='ocrx_word' id='word_1_269' title='bbox 1138 4027 1267 4069; x_wconf 88' lang='lat' dir='ltr'><strong>suarum</strong></span> <span class='ocrx_word' id='word_1_270' title='bbox 1291 4003 1328 4066; x_wconf 92' lang='lat' dir='ltr'><strong>de</strong></span> 
     </span>
     <span class='ocr_line' id='line_1_35' title="bbox 186 4109 1041 4206; baseline 0.006 -33"><span class='ocrx_word' id='word_1_271' title='bbox 186 4109 375 4175; x_wconf 89' lang='lat' dir='ltr'><strong>liberalibus</strong></span> <span class='ocrx_word' id='word_1_272' title='bbox 400 4111 524 4176; x_wconf 88' lang='lat' dir='ltr'><strong>artibus</strong></span> <span class='ocrx_word' id='word_1_273' title='bbox 548 4111 812 4194; x_wconf 85' lang='lat' dir='ltr'><strong>disputationum.</strong></span> <span class='ocrx_word' id='word_1_274' title='bbox 1039 4197 1041 4206; x_wconf 21' lang='lat' dir='ltr'>y</span> 
     </span>
    </p>

    <p class='ocr_par' dir='ltr' id='par_1_5' title="bbox 185 4217 1413 4515">
     <span class='ocr_line' id='line_1_36' title="bbox 274 4217 1327 4310; baseline -0.002 -28"><span class='ocrx_word' id='word_1_275' title='bbox 274 4217 304 4282; x_wconf 77' lang='lat'><strong>2.</strong></span> <span class='ocrx_word' id='word_1_276' title='bbox 349 4217 521 4310; x_wconf 77' lang='lat' dir='ltr'><strong>Praestitit</strong></span> <span class='ocrx_word' id='word_1_277' title='bbox 543 4221 651 4282; x_wconf 87' lang='lat' dir='ltr'><strong>autem</strong></span> <span class='ocrx_word' id='word_1_278' title='bbox 673 4219 754 4284; x_wconf 91' lang='lat' dir='ltr'><strong>illud</strong></span> <span class='ocrx_word' id='word_1_279' title='bbox 778 4217 821 4285; x_wconf 89' lang='lat' dir='ltr'><strong>M.</strong></span> <span class='ocrx_word' id='word_1_280' title='bbox 845 4218 949 4284; x_wconf 89' lang='lat' dir='ltr'><strong>Varro</strong></span> <span class='ocrx_word' id='word_1_281' title='bbox 973 4219 1070 4285; x_wconf 86' lang='lat' dir='ltr'><strong>editis</strong></span> <span class='ocrx_word' id='word_1_282' title='bbox 1093 4241 1226 4284; x_wconf 89' lang='lat' dir='ltr'><strong>novem</strong></span> <span class='ocrx_word' id='word_1_283' title='bbox 1250 4217 1327 4281; x_wconf 92' lang='lat' dir='ltr'><strong>dis-</strong></span> 
     </span>
     <span class='ocr_line' id='line_1_37' title="bbox 186 4323 1413 4409; baseline -0.005 -20"><span class='ocrx_word' id='word_1_284' title='bbox 186 4325 419 4408; x_wconf 90' lang='lat' dir='ltr'><strong>ciplinarum</strong></span> <span class='ocrx_word' id='word_1_285' title='bbox 448 4323 579 4406; x_wconf 91' lang='lat' dir='ltr'><strong>libris,</strong></span> <span class='ocrx_word' id='word_1_286' title='bbox 611 4345 747 4408; x_wconf 88' lang='lat' dir='ltr'><strong>quorum</strong></span> <span class='ocrx_word' id='word_1_287' title='bbox 777 4347 817 4390; x_wconf 90' lang='lat' dir='ltr'><strong>ne</strong></span> <span class='ocrx_word' id='word_1_288' title='bbox 846 4325 1031 4390; x_wconf 88' lang='lat' dir='ltr'><strong>coniectura</strong></span> <span class='ocrx_word' id='word_1_289' title='bbox 1055 4325 1183 4406; x_wconf 91' lang='lat' dir='ltr'><strong>quidem</strong></span> <span class='ocrx_word' id='word_1_290' title='bbox 1208 4345 1227 4388; x_wconf 91' lang='lat' dir='ltr'><strong>a</strong></span> <span class='ocrx_word' id='word_1_291' title='bbox 1250 4347 1327 4409; x_wconf 92' lang='lat' dir='ltr'><strong>quo·</strong></span> <span class='ocrx_word' id='word_1_292' title='bbox 1411 4377 1413 4382; x_wconf 92' lang='lat'><strong>.</strong></span> 
     </span>
     <span class='ocr_line' id='line_1_38' title="bbox 185 4429 1328 4515; baseline -0.001 -20"><span class='ocrx_word' id='word_1_293' title='bbox 185 4453 282 4515; x_wconf 87' lang='lat' dir='ltr'><strong>quam</strong></span> <span class='ocrx_word' id='word_1_294' title='bbox 311 4429 489 4515; x_wconf 87' lang='lat' dir='ltr'><strong>significari</strong></span> <span class='ocrx_word' id='word_1_295' title='bbox 517 4433 743 4513; x_wconf 85' lang='lat' dir='ltr'><strong>argumentum</strong></span> <span class='ocrx_word' id='word_1_296' title='bbox 771 4432 985 4495; x_wconf 88' lang='lat' dir='ltr'><strong>meminimus.</strong></span> <span class='ocrx_word' id='word_1_297' title='bbox 1031 4429 1081 4494; x_wconf 91' lang='lat' dir='ltr'><strong>De</strong></span> <span class='ocrx_word' id='word_1_298' title='bbox 1105 4431 1219 4514; x_wconf 90' lang='lat' dir='ltr'><strong>quibus</strong></span> <span class='ocrx_word' id='word_1_299' title='bbox 1244 4453 1328 4496; x_wconf 89' lang='lat' dir='ltr'><strong>eom-</strong></span> 
     </span>
    </p>
   </div>
   <div class='ocr_carea' id='block_1_5' title="bbox 185 4533 1328 4694">
    <p class='ocr_par' dir='ltr' id='par_1_6' title="bbox 185 4533 1328 4694">
     <span class='ocr_line' id='line_1_39' title="bbox 185 4533 1328 4621; baseline -0.001 -20"><span class='ocrx_word' id='word_1_300' title='bbox 185 4539 274 4601; x_wconf 93' lang='lat' dir='ltr'><strong>muni</strong></span> <span class='ocrx_word' id='word_1_301' title='bbox 306 4535 494 4601; x_wconf 88' lang='lat' dir='ltr'><strong>testimonio</strong></span> <span class='ocrx_word' id='word_1_302' title='bbox 527 4533 739 4600; x_wconf 79' lang='lat' dir='ltr'><strong>Cassiodorus</strong></span> <span class='ocrx_word' id='word_1_303' title='bbox 771 4537 840 4600; x_wconf 88' lang='lat' dir='ltr'><strong>e.3</strong></span> <span class='ocrx_word' id='word_1_304' title='bbox 872 4561 902 4621; x_wconf 89' lang='lat' dir='ltr'><strong>p.</strong></span> <span class='ocrx_word' id='word_1_305' title='bbox 926 4537 1027 4602; x_wconf 79' lang='lat' dir='ltr'><strong>536b</strong></span> <span class='ocrx_word' id='word_1_306' title='bbox 1060 4539 1093 4600; x_wconf 88' lang='lat' dir='ltr'><strong>et</strong></span> <span class='ocrx_word' id='word_1_307' title='bbox 1123 4535 1268 4604; x_wconf 89' lang='lat' dir='ltr'><strong>Isidorus</strong></span> <span class='ocrx_word' id='word_1_308' title='bbox 1295 4537 1328 4602; x_wconf 93' lang='grc' dir='ltr'><strong>ΙΙ</strong></span> 
     </span>
     <span class='ocr_line' id='line_1_40' title="bbox 1061 4641 1116 4694; baseline 0 0"><span class='ocrx_word' id='word_1_309' title='bbox 1061 4641 1116 4694; x_wconf 71' lang='grc'><strong>23*</strong></span> 
     </span>
    </p>
   </div>
   <div class='ocr_carea' id='block_1_6' title="bbox 0 0 1652 5104">
    <p class='ocr_par' dir='ltr' id='par_1_7' title="bbox 0 0 1652 5104">
     <span class='ocr_line' id='line_1_41' title="bbox 0 0 1652 5104; baseline 0 1"><span class='ocrx_word' id='word_1_310' title='bbox 0 0 1652 5104; x_wconf 95' lang='lat' dir='ltr'><strong> </strong></span> 
     </span>
    </p>
   </div>
  </div>
 </body>
</html>
