<?xml version="1.0" encoding="UTF-8"?>
<!DOCTYPE html PUBLIC "-//W3C//DTD XHTML 1.0 Transitional//EN"
    "http://www.w3.org/TR/xhtml1/DTD/xhtml1-transitional.dtd">
<html xmlns="http://www.w3.org/1999/xhtml" xml:lang="en" lang="en">
 <head>
  <title>
</title>
<meta http-equiv="Content-Type" content="text/html;charset=utf-8" />
  <meta name='ocr-system' content='tesseract 3.04.00' />
  <meta name='ocr-capabilities' content='ocr_page ocr_carea ocr_par ocr_line ocrx_word'/>
</head>
<body>
  <div class='ocr_page' id='page_1' title='image "./fridericiritsch09wachgoog_0368.png"; bbox 0 0 3294 5104; ppageno 0'>
   <div class='ocr_carea' id='block_1_1' title="bbox 508 345 1384 418">
    <p class='ocr_par' dir='ltr' id='par_1_1' title="bbox 508 345 1384 418">
     <span class='ocr_line' id='line_1_1' title="bbox 508 345 1384 418; baseline 0.007 -14"><span class='ocrx_word' id='word_1_1' title='bbox 508 359 752 418; x_wconf 80' lang='lat' dir='ltr'>Qvnusmonss</span> <span class='ocrx_word' id='word_1_2' title='bbox 776 357 1114 406; x_wconf 75' lang='lat' dir='ltr'>osorrsronoorena.</span> <span class='ocrx_word' id='word_1_3' title='bbox 1319 345 1384 410; x_wconf 86' lang='lat'>343</span> 
     </span>
    </p>
   </div>
   <div class='ocr_carea' id='block_1_2' title="bbox 234 501 1384 2292">
    <p class='ocr_par' dir='ltr' id='par_1_2' title="bbox 234 501 1384 2292">
     <span class='ocr_line' id='line_1_2' title="bbox 239 501 1384 584; baseline 0.003 -18"><span class='ocrx_word' id='word_1_4' title='bbox 239 504 272 566; x_wconf 91' lang='lat' dir='ltr'>in</span> <span class='ocrx_word' id='word_1_5' title='bbox 296 503 404 567; x_wconf 90' lang='lat' dir='ltr'>Plauti</span> <span class='ocrx_word' id='word_1_6' title='bbox 427 501 643 584; x_wconf 86' lang='lat' dir='ltr'>Truculento&#39;,</span> <span class='ocrx_word' id='word_1_7' title='bbox 671 501 705 564; x_wconf 92' lang='lat' dir='ltr'>id</span> <span class='ocrx_word' id='word_1_8' title='bbox 733 523 846 566; x_wconf 85' lang='lat' dir='ltr'>vereor</span> <span class='ocrx_word' id='word_1_9' title='bbox 868 524 908 566; x_wconf 88' lang='lat' dir='ltr'>ne</span> <span class='ocrx_word' id='word_1_10' title='bbox 932 505 1045 566; x_wconf 87' lang='lat' dir='ltr'>contra</span> <span class='ocrx_word' id='word_1_11' title='bbox 1068 524 1101 566; x_wconf 89' lang='lat' dir='ltr'>se</span> <span class='ocrx_word' id='word_1_12' title='bbox 1124 501 1253 569; x_wconf 86' lang='lat' dir='ltr'>habeat.</span> <span class='ocrx_word' id='word_1_13' title='bbox 1297 503 1384 568; x_wconf 88' lang='lat' dir='ltr'>Nam</span> 
     </span>
     <span class='ocr_line' id='line_1_3' title="bbox 239 607 1383 693; baseline 0.003 -20"><span class='ocrx_word' id='word_1_14' title='bbox 239 609 302 674; x_wconf 89' lang='lat' dir='ltr'>nisi</span> <span class='ocrx_word' id='word_1_15' title='bbox 331 609 470 673; x_wconf 88' lang='lat' dir='ltr'>multum</span> <span class='ocrx_word' id='word_1_16' title='bbox 498 607 656 690; x_wconf 84' lang='lat' dir='ltr'>fallimur,</span> <span class='ocrx_word' id='word_1_17' title='bbox 688 609 792 692; x_wconf 80' lang='lat' dir='ltr'>ipsam</span> <span class='ocrx_word' id='word_1_18' title='bbox 816 607 1000 673; x_wconf 90' lang='lat' dir='ltr'>Plautinam</span> <span class='ocrx_word' id='word_1_19' title='bbox 1023 632 1196 693; x_wconf 83' lang='lat' dir='ltr'>personam</span> <span class='ocrx_word' id='word_1_20' title='bbox 1219 612 1253 675; x_wconf 95' lang='lat' dir='ltr'>in</span> <span class='ocrx_word' id='word_1_21' title='bbox 1276 617 1383 677; x_wconf 89' lang='lat' dir='ltr'>mente</span> 
     </span>
     <span class='ocr_line' id='line_1_4' title="bbox 239 714 1382 799; baseline 0.002 -19"><span class='ocrx_word' id='word_1_22' title='bbox 239 715 355 782; x_wconf 88' lang='lat' dir='ltr'>habuit</span> <span class='ocrx_word' id='word_1_23' title='bbox 383 714 494 780; x_wconf 80' lang='lat' dir='ltr'>Cicero</span> <span class='ocrx_word' id='word_1_24' title='bbox 529 715 726 799; x_wconf 82' lang='lat' dir='ltr'>eandemque</span> <span class='ocrx_word' id='word_1_25' title='bbox 755 715 866 780; x_wconf 89' lang='lat' dir='ltr'>Attico</span> <span class='ocrx_word' id='word_1_26' title='bbox 899 738 957 781; x_wconf 90' lang='lat' dir='ltr'>suo</span> <span class='ocrx_word' id='word_1_27' title='bbox 989 738 1142 782; x_wconf 86' lang='lat' dir='ltr'>revocare</span> <span class='ocrx_word' id='word_1_28' title='bbox 1175 718 1209 782; x_wconf 90' lang='lat' dir='ltr'>iu</span> <span class='ocrx_word' id='word_1_29' title='bbox 1242 723 1382 783; x_wconf 88' lang='lat' dir='ltr'>mentem</span> 
     </span>
     <span class='ocr_line' id='line_1_5' title="bbox 240 823 1382 907; baseline 0.004 -20"><span class='ocrx_word' id='word_1_30' title='bbox 240 824 352 907; x_wconf 86' lang='lat' dir='ltr'>voluit,</span> <span class='ocrx_word' id='word_1_31' title='bbox 375 827 541 907; x_wconf 86' lang='lat' dir='ltr'>tamquam</span> <span class='ocrx_word' id='word_1_32' title='bbox 561 823 635 887; x_wconf 84' lang='lat' dir='ltr'>vivo</span> <span class='ocrx_word' id='word_1_33' title='bbox 655 826 688 886; x_wconf 92' lang='lat' dir='ltr'>et</span> <span class='ocrx_word' id='word_1_34' title='bbox 708 823 871 888; x_wconf 82' lang='lat' dir='ltr'>tralaticio</span> <span class='ocrx_word' id='word_1_35' title='bbox 892 823 1038 907; x_wconf 82' lang='lat' dir='ltr'>exemplo</span> <span class='ocrx_word' id='word_1_36' title='bbox 1057 847 1134 890; x_wconf 91' lang='lat' dir='ltr'>usus</span> <span class='ocrx_word' id='word_1_37' title='bbox 1154 826 1221 890; x_wconf 87' lang='lat' dir='ltr'>sive</span> <span class='ocrx_word' id='word_1_38' title='bbox 1240 825 1382 891; x_wconf 88' lang='lat' dir='ltr'>hominis</span> 
     </span>
     <span class='ocr_line' id='line_1_6' title="bbox 239 929 1382 1020; baseline 0 -24"><span class='ocrx_word' id='word_1_39' title='bbox 239 931 410 996; x_wconf 76' lang='lat' dir='ltr'>truculenti</span> <span class='ocrx_word' id='word_1_40' title='bbox 434 930 633 1014; x_wconf 86' lang='lat' dir='ltr'>simpliciter,</span> <span class='ocrx_word' id='word_1_41' title='bbox 656 929 724 994; x_wconf 86' lang='lat' dir='ltr'>sive</span> <span class='ocrx_word' id='word_1_42' title='bbox 747 930 815 993; x_wconf 88' lang='lat' dir='ltr'>eius</span> <span class='ocrx_word' id='word_1_43' title='bbox 840 929 895 1012; x_wconf 90' lang='lat' dir='ltr'>qui</span> <span class='ocrx_word' id='word_1_44' title='bbox 918 953 935 994; x_wconf 92' lang='lat' dir='ltr'>e</span> <span class='ocrx_word' id='word_1_45' title='bbox 958 931 1141 997; x_wconf 89' lang='lat' dir='ltr'>truculento</span> <span class='ocrx_word' id='word_1_46' title='bbox 1164 937 1197 996; x_wconf 91' lang='lat' dir='ltr'>et</span> <span class='ocrx_word' id='word_1_47' title='bbox 1216 933 1325 1020; x_wconf 68' lang='lat' dir='ltr'>feroce</span> <span class='ocrx_word' id='word_1_48' title='bbox 1348 935 1382 996; x_wconf 94' lang='lat' dir='ltr'>in</span> 
     </span>
     <span class='ocr_line' id='line_1_7' title="bbox 237 1034 1382 1122; baseline 0.001 -21"><span class='ocrx_word' id='word_1_49' title='bbox 237 1037 397 1122; x_wconf 86' lang='lat' dir='ltr'>placidum</span> <span class='ocrx_word' id='word_1_50' title='bbox 427 1041 522 1119; x_wconf 88' lang='lat' dir='ltr'>atque</span> <span class='ocrx_word' id='word_1_51' title='bbox 551 1034 755 1099; x_wconf 88' lang='lat' dir='ltr'>commodum</span> <span class='ocrx_word' id='word_1_52' title='bbox 783 1037 926 1099; x_wconf 88' lang='lat' dir='ltr'>mutatus</span> <span class='ocrx_word' id='word_1_53' title='bbox 950 1037 1046 1100; x_wconf 86' lang='lat' dir='ltr'>esset:</span> <span class='ocrx_word' id='word_1_54' title='bbox 1076 1057 1146 1100; x_wconf 90' lang='lat' dir='ltr'>eam</span> <span class='ocrx_word' id='word_1_55' title='bbox 1171 1037 1257 1100; x_wconf 88' lang='lat' dir='ltr'>enim</span> <span class='ocrx_word' id='word_1_56' title='bbox 1280 1060 1382 1104; x_wconf 90' lang='lat' dir='ltr'>recor·</span> 
     </span>
     <span class='ocr_line' id='line_1_8' title="bbox 238 1141 1383 1227; baseline 0.003 -21"><span class='ocrx_word' id='word_1_57' title='bbox 238 1143 376 1208; x_wconf 88' lang='lat' dir='ltr'>dandum</span> <span class='ocrx_word' id='word_1_58' title='bbox 400 1147 451 1207; x_wconf 89' lang='lat' dir='ltr'>est</span> <span class='ocrx_word' id='word_1_59' title='bbox 469 1142 689 1206; x_wconf 89' lang='lat' dir='ltr'>condicionem</span> <span class='ocrx_word' id='word_1_60' title='bbox 710 1164 779 1206; x_wconf 87' lang='lat' dir='ltr'>esse</span> <span class='ocrx_word' id='word_1_61' title='bbox 799 1141 917 1206; x_wconf 81' lang='lat' dir='ltr'>servoli</span> <span class='ocrx_word' id='word_1_62' title='bbox 936 1141 1087 1206; x_wconf 90' lang='lat' dir='ltr'>Plautini.</span> <span class='ocrx_word' id='word_1_63' title='bbox 1123 1141 1167 1206; x_wconf 81' lang='lat' dir='ltr'>llt</span> <span class='ocrx_word' id='word_1_64' title='bbox 1185 1143 1291 1227; x_wconf 90' lang='lat' dir='ltr'>ipsam</span> <span class='ocrx_word' id='word_1_65' title='bbox 1310 1167 1383 1210; x_wconf 89' lang='lat' dir='ltr'>cum</span> 
     </span>
     <span class='ocr_line' id='line_1_9' title="bbox 239 1246 1381 1340; baseline 0.002 -26"><span class='ocrx_word' id='word_1_66' title='bbox 239 1250 398 1316; x_wconf 74' lang='lat' dir='ltr'>Pseudulo</span> <span class='ocrx_word' id='word_1_67' title='bbox 427 1249 658 1340; x_wconf 82' lang='lat' dir='ltr'>Truculentum</span> <span class='ocrx_word' id='word_1_68' title='bbox 688 1248 722 1312; x_wconf 92' lang='lat' dir='ltr'>in</span> <span class='ocrx_word' id='word_1_69' title='bbox 753 1246 878 1312; x_wconf 89' lang='lat' dir='ltr'>deliciis</span> <span class='ocrx_word' id='word_1_70' title='bbox 910 1246 973 1311; x_wconf 92' lang='lat' dir='ltr'>sibi</span> <span class='ocrx_word' id='word_1_71' title='bbox 1000 1247 1148 1312; x_wconf 88' lang='lat' dir='ltr'>habitam</span> <span class='ocrx_word' id='word_1_72' title='bbox 1175 1249 1246 1332; x_wconf 89' lang='lat' dir='ltr'>ipse</span> <span class='ocrx_word' id='word_1_73' title='bbox 1269 1249 1381 1316; x_wconf 81' lang='lat' dir='ltr'>Cicero</span> 
     </span>
     <span class='ocr_line' id='line_1_10' title="bbox 239 1354 1382 1438; baseline 0.002 -18"><span class='ocrx_word' id='word_1_74' title='bbox 239 1358 272 1422; x_wconf 91' lang='lat' dir='ltr'>iu</span> <span class='ocrx_word' id='word_1_75' title='bbox 294 1356 416 1422; x_wconf 83' lang='lat' dir='ltr'>Catone</span> <span class='ocrx_word' id='word_1_76' title='bbox 448 1356 570 1420; x_wconf 88' lang='lat' dir='ltr'>maiore</span> <span class='ocrx_word' id='word_1_77' title='bbox 602 1359 743 1420; x_wconf 87' lang='lat' dir='ltr'>testatus</span> <span class='ocrx_word' id='word_1_78' title='bbox 772 1357 830 1419; x_wconf 89' lang='lat' dir='ltr'>est.</span> <span class='ocrx_word' id='word_1_79' title='bbox 876 1354 965 1418; x_wconf 90' lang='lat' dir='ltr'>Haec</span> <span class='ocrx_word' id='word_1_80' title='bbox 992 1355 1095 1438; x_wconf 81' lang='lat' dir='ltr'>igitur</span> <span class='ocrx_word' id='word_1_81' title='bbox 1123 1355 1150 1419; x_wconf 89' lang='lat' dir='ltr'>si</span> <span class='ocrx_word' id='word_1_82' title='bbox 1178 1377 1240 1420; x_wconf 92' lang='lat' dir='ltr'>non</span> <span class='ocrx_word' id='word_1_83' title='bbox 1271 1363 1382 1422; x_wconf 86' lang='lat' dir='ltr'>carent</span> 
     </span>
     <span class='ocr_line' id='line_1_11' title="bbox 238 1461 1381 1548; baseline 0.002 -22"><span class='ocrx_word' id='word_1_84' title='bbox 238 1463 480 1546; x_wconf 76' lang='lat' dir='ltr'>probabilitate,</span> <span class='ocrx_word' id='word_1_85' title='bbox 507 1485 572 1527; x_wconf 90' lang='lat' dir='ltr'>non</span> <span class='ocrx_word' id='word_1_86' title='bbox 595 1483 712 1548; x_wconf 83' lang='lat' dir='ltr'>graeca</span> <span class='ocrx_word' id='word_1_87' title='bbox 735 1485 811 1546; x_wconf 83' lang='lat' dir='ltr'>vox,</span> <span class='ocrx_word' id='word_1_88' title='bbox 839 1461 894 1524; x_wconf 89' lang='lat' dir='ltr'>sed</span> <span class='ocrx_word' id='word_1_89' title='bbox 919 1461 1056 1526; x_wconf 86' lang='lat' dir='ltr'>latinum</span> <span class='ocrx_word' id='word_1_90' title='bbox 1081 1461 1302 1546; x_wconf 71' lang='lat' dir='ltr'>Stratyllax</span> <span class='ocrx_word' id='word_1_91' title='bbox 1325 1487 1381 1528; x_wconf 90' lang='lat' dir='ltr'>no·</span> 
     </span>
     <span class='ocr_line' id='line_1_12' title="bbox 239 1566 1381 1653; baseline -0.001 -19"><span class='ocrx_word' id='word_1_92' title='bbox 239 1593 311 1637; x_wconf 89' lang='lat' dir='ltr'>meu</span> <span class='ocrx_word' id='word_1_93' title='bbox 335 1572 416 1634; x_wconf 87' lang='lat' dir='ltr'>latet</span> <span class='ocrx_word' id='word_1_94' title='bbox 439 1570 488 1632; x_wconf 86' lang='lat' dir='ltr'>vel</span> <span class='ocrx_word' id='word_1_95' title='bbox 513 1568 623 1652; x_wconf 89' lang='lat' dir='ltr'>potius</span> <span class='ocrx_word' id='word_1_96' title='bbox 648 1568 713 1632; x_wconf 87' lang='lat' dir='ltr'>iam</span> <span class='ocrx_word' id='word_1_97' title='bbox 736 1589 802 1630; x_wconf 92' lang='lat' dir='ltr'>non</span> <span class='ocrx_word' id='word_1_98' title='bbox 825 1567 906 1632; x_wconf 88' lang='lat' dir='ltr'>latet</span> <span class='ocrx_word' id='word_1_99' title='bbox 928 1567 962 1631; x_wconf 89' lang='lat' dir='ltr'>in</span> <span class='ocrx_word' id='word_1_100' title='bbox 981 1566 1115 1632; x_wconf 84' lang='lat' dir='ltr'>Medioei</span> <span class='ocrx_word' id='word_1_101' title='bbox 1139 1568 1258 1632; x_wconf 89' lang='lat' dir='ltr'>codicis</span> <span class='ocrx_word' id='word_1_102' title='bbox 1282 1571 1381 1653; x_wconf 88' lang='lat' dir='ltr'>scrip-</span> 
     </span>
     <span class='ocr_line' id='line_1_13' title="bbox 237 1673 1380 1758; baseline 0.001 -19"><span class='ocrx_word' id='word_1_103' title='bbox 237 1683 310 1740; x_wconf 87' lang='lat' dir='ltr'>tura</span> <span class='ocrx_word' id='word_1_104' title='bbox 339 1677 510 1752; x_wconf 78' lang='lat' dir='ltr'>strotitlua,</span> <span class='ocrx_word' id='word_1_105' title='bbox 543 1697 624 1758; x_wconf 87' lang='lat' dir='ltr'>quae</span> <span class='ocrx_word' id='word_1_106' title='bbox 652 1675 686 1738; x_wconf 91' lang='lat' dir='ltr'>in</span> <span class='ocrx_word' id='word_1_107' title='bbox 715 1673 862 1757; x_wconf 87' lang='lat' dir='ltr'>eandem,</span> <span class='ocrx_word' id='word_1_108' title='bbox 895 1697 991 1758; x_wconf 89' lang='lat' dir='ltr'>quam</span> <span class='ocrx_word' id='word_1_109' title='bbox 1020 1674 1127 1738; x_wconf 90' lang='lat' dir='ltr'>Plauti</span> <span class='ocrx_word' id='word_1_110' title='bbox 1151 1674 1253 1738; x_wconf 87' lang='lat' dir='ltr'>Vetus</span> <span class='ocrx_word' id='word_1_111' title='bbox 1282 1675 1380 1740; x_wconf 81' lang='lat' dir='ltr'>codex</span> 
     </span>
     <span class='ocr_line' id='line_1_14' title="bbox 237 1780 1379 1865; baseline 0.002 -21"><span class='ocrx_word' id='word_1_112' title='bbox 237 1782 379 1865; x_wconf 86' lang='lat' dir='ltr'>exhibet,</span> <span class='ocrx_word' id='word_1_113' title='bbox 411 1783 558 1846; x_wconf 70' lang='lat' dir='ltr'>stratura</span> <span class='ocrx_word' id='word_1_114' title='bbox 585 1782 723 1845; x_wconf 81' lang='lat' dir='ltr'>formam</span> <span class='ocrx_word' id='word_1_115' title='bbox 754 1782 886 1845; x_wconf 87' lang='lat' dir='ltr'>transiit</span> <span class='ocrx_word' id='word_1_116' title='bbox 914 1781 947 1844; x_wconf 92' lang='lat' dir='ltr'>in</span> <span class='ocrx_word' id='word_1_117' title='bbox 976 1780 1119 1864; x_wconf 88' lang='lat' dir='ltr'>principe</span> <span class='ocrx_word' id='word_1_118' title='bbox 1146 1781 1293 1864; x_wconf 87' lang='lat' dir='ltr'>exemplo</span> <span class='ocrx_word' id='word_1_119' title='bbox 1317 1781 1379 1847; x_wconf 85' lang='lat' dir='ltr'>Ito·</span> 
     </span>
     <span class='ocr_line' id='line_1_15' title="bbox 237 1887 1380 1972; baseline 0.001 -20"><span class='ocrx_word' id='word_1_120' title='bbox 237 1911 341 1953; x_wconf 89' lang='lat' dir='ltr'>man0.</span> <span class='ocrx_word' id='word_1_121' title='bbox 387 1887 471 1953; x_wconf 90' lang='lat' dir='ltr'>Nam</span> <span class='ocrx_word' id='word_1_122' title='bbox 496 1912 515 1952; x_wconf 88' lang='lat' dir='ltr'>a</span> <span class='ocrx_word' id='word_1_123' title='bbox 534 1889 699 1953; x_wconf 73' lang='lat' dir='ltr'>Ciceronis</span> <span class='ocrx_word' id='word_1_124' title='bbox 723 1888 853 1972; x_wconf 88' lang='lat' dir='ltr'>quidem</span> <span class='ocrx_word' id='word_1_125' title='bbox 876 1887 927 1952; x_wconf 84' lang='lat' dir='ltr'>vel</span> <span class='ocrx_word' id='word_1_126' title='bbox 952 1889 1059 1952; x_wconf 88' lang='lat' dir='ltr'>aetate</span> <span class='ocrx_word' id='word_1_127' title='bbox 1083 1887 1133 1950; x_wconf 87' lang='lat' dir='ltr'>val</span> <span class='ocrx_word' id='word_1_128' title='bbox 1157 1909 1217 1952; x_wconf 90' lang='lat' dir='ltr'>usu</span> <span class='ocrx_word' id='word_1_129' title='bbox 1239 1909 1305 1951; x_wconf 90' lang='lat' dir='ltr'>non</span> <span class='ocrx_word' id='word_1_130' title='bbox 1330 1893 1380 1953; x_wconf 89' lang='lat' dir='ltr'>est</span> 
     </span>
     <span class='ocr_line' id='line_1_16' title="bbox 235 1995 1379 2079; baseline 0.001 -20"><span class='ocrx_word' id='word_1_131' title='bbox 235 2017 292 2060; x_wconf 86' lang='lat' dir='ltr'>cur·</span> <span class='ocrx_word' id='word_1_132' title='bbox 312 2017 334 2078; x_wconf 76' lang='lat' dir='ltr'>p</span> <span class='ocrx_word' id='word_1_133' title='bbox 356 1996 501 2059; x_wconf 86' lang='lat' dir='ltr'>litteram</span> <span class='ocrx_word' id='word_1_134' title='bbox 524 2019 596 2060; x_wconf 90' lang='lat' dir='ltr'>cum</span> <span class='ocrx_word' id='word_1_135' title='bbox 620 1995 730 2079; x_wconf 87' lang='lat' dir='ltr'>aliqua</span> <span class='ocrx_word' id='word_1_136' title='bbox 751 1995 943 2059; x_wconf 82' lang='lat' dir='ltr'>necessitate</span> <span class='ocrx_word' id='word_1_137' title='bbox 967 1995 1186 2059; x_wconf 88' lang='lat' dir='ltr'>abiudicsmus</span> <span class='ocrx_word' id='word_1_138' title='bbox 1211 1995 1245 2058; x_wconf 92' lang='lat' dir='ltr'>in</span> <span class='ocrx_word' id='word_1_139' title='bbox 1268 2016 1304 2058; x_wconf 92' lang='lat' dir='ltr'>eo</span> <span class='ocrx_word' id='word_1_140' title='bbox 1323 2017 1379 2060; x_wconf 89' lang='lat'>110·</span> 
     </span>
     <span class='ocr_line' id='line_1_17' title="bbox 236 2099 1380 2185; baseline 0.002 -22"><span class='ocrx_word' id='word_1_141' title='bbox 236 2102 323 2167; x_wconf 87' lang='lat' dir='ltr'>mine</span> <span class='ocrx_word' id='word_1_142' title='bbox 346 2101 431 2184; x_wconf 92' lang='lat' dir='ltr'>quod</span> <span class='ocrx_word' id='word_1_143' title='bbox 456 2123 532 2165; x_wconf 88' lang='lat' dir='ltr'>sane</span> <span class='ocrx_word' id='word_1_144' title='bbox 556 2100 707 2165; x_wconf 89' lang='lat' dir='ltr'>Plautum</span> <span class='ocrx_word' id='word_1_145' title='bbox 734 2101 829 2166; x_wconf 86' lang='lat' dir='ltr'>aliter</span> <span class='ocrx_word' id='word_1_146' title='bbox 854 2105 949 2184; x_wconf 89' lang='lat' dir='ltr'>atque</span> <span class='ocrx_word' id='word_1_147' title='bbox 970 2099 1187 2166; x_wconf 82' lang='lat' dir='ltr'>Stratullax</span> <span class='ocrx_word' id='word_1_148' title='bbox 1213 2102 1380 2185; x_wconf 86' lang='lat' dir='ltr'>scripsisse</span> 
     </span>
     <span class='ocr_line' id='line_1_18' title="bbox 234 2207 499 2292; baseline 0.008 -22"><span class='ocrx_word' id='word_1_149' title='bbox 234 2207 417 2292; x_wconf 86' lang='lat' dir='ltr'>negandum</span> <span class='ocrx_word' id='word_1_150' title='bbox 441 2211 499 2272; x_wconf 88' lang='lat' dir='ltr'>est.</span> 
     </span>
    </p>
   </div>
   <div class='ocr_carea' id='block_1_3' title="bbox 234 2329 1379 2735">
    <p class='ocr_par' dir='ltr' id='par_1_3' title="bbox 234 2329 1379 2735">
     <span class='ocr_line' id='line_1_19' title="bbox 323 2329 1379 2414; baseline -0.001 -19"><span class='ocrx_word' id='word_1_151' title='bbox 323 2331 352 2395; x_wconf 87' lang='grc'>3.</span> <span class='ocrx_word' id='word_1_152' title='bbox 389 2329 525 2394; x_wconf 88' lang='lat' dir='ltr'>Possum</span> <span class='ocrx_word' id='word_1_153' title='bbox 554 2331 620 2393; x_wconf 88' lang='lat' dir='ltr'>alia</span> <span class='ocrx_word' id='word_1_154' title='bbox 647 2329 763 2394; x_wconf 87' lang='lat' dir='ltr'>addere</span> <span class='ocrx_word' id='word_1_155' title='bbox 787 2331 837 2394; x_wconf 90' lang='lat' dir='ltr'>vel</span> <span class='ocrx_word' id='word_1_156' title='bbox 861 2331 1014 2414; x_wconf 82' lang='lat' dir='ltr'>ambigua</span> <span class='ocrx_word' id='word_1_157' title='bbox 1038 2331 1087 2395; x_wconf 88' lang='lat' dir='ltr'>vel</span> <span class='ocrx_word' id='word_1_158' title='bbox 1112 2331 1262 2413; x_wconf 86' lang='lat' dir='ltr'>obscura,</span> <span class='ocrx_word' id='word_1_159' title='bbox 1290 2333 1379 2396; x_wconf 88' lang='lat' dir='ltr'>velut</span> 
     </span>
     <span class='ocr_line' id='line_1_20' title="bbox 235 2436 1377 2522; baseline 0 -20"><span class='ocrx_word' id='word_1_160' title='bbox 235 2439 318 2522; x_wconf 91' lang='lat' dir='ltr'>quod</span> <span class='ocrx_word' id='word_1_161' title='bbox 346 2438 379 2501; x_wconf 92' lang='lat' dir='ltr'>in</span> <span class='ocrx_word' id='word_1_162' title='bbox 408 2436 660 2500; x_wconf 88' lang='lat' dir='ltr'>eadem.fabula</span> <span class='ocrx_word' id='word_1_163' title='bbox 683 2437 898 2502; x_wconf 88' lang='lat' dir='ltr'>adulescentis</span> <span class='ocrx_word' id='word_1_164' title='bbox 921 2459 1054 2522; x_wconf 90' lang='lat' dir='ltr'>nomen,</span> <span class='ocrx_word' id='word_1_165' title='bbox 1082 2438 1167 2522; x_wconf 86' lang='lat' dir='ltr'>quod</span> <span class='ocrx_word' id='word_1_166' title='bbox 1191 2439 1290 2522; x_wconf 83' lang='lat' dir='ltr'>vulgo</span> <span class='ocrx_word' id='word_1_167' title='bbox 1318 2439 1377 2502; x_wconf 91' lang='lat' dir='ltr'>DI-</span> 
     </span>
     <span class='ocr_line' id='line_1_21' title="bbox 234 2540 1379 2629; baseline 0.001 -20"><span class='ocrx_word' id='word_1_168' title='bbox 234 2540 440 2608; x_wconf 81' lang='lat' dir='ltr'>NARCHVS</span> <span class='ocrx_word' id='word_1_169' title='bbox 469 2541 635 2625; x_wconf 83' lang='lat' dir='ltr'>scribitur,</span> <span class='ocrx_word' id='word_1_170' title='bbox 666 2547 699 2606; x_wconf 89' lang='lat' dir='ltr'>et</span> <span class='ocrx_word' id='word_1_171' title='bbox 724 2544 849 2607; x_wconf 88' lang='lat' dir='ltr'>numeri</span> <span class='ocrx_word' id='word_1_172' title='bbox 880 2545 1142 2610; x_wconf 86' lang='lat' dir='ltr'>constantissime</span> <span class='ocrx_word' id='word_1_173' title='bbox 1166 2548 1323 2629; x_wconf 86' lang='lat' dir='ltr'>respuunt</span> <span class='ocrx_word' id='word_1_174' title='bbox 1345 2550 1379 2610; x_wconf 91' lang='lat' dir='ltr'>et</span> 
     </span>
     <span class='ocr_line' id='line_1_22' title="bbox 234 2647 1377 2735; baseline 0.003 -21"><span class='ocrx_word' id='word_1_175' title='bbox 234 2651 376 2734; x_wconf 90' lang='lat' dir='ltr'>ipsorum</span> <span class='ocrx_word' id='word_1_176' title='bbox 406 2647 484 2712; x_wconf 88' lang='lat' dir='ltr'>fides</span> <span class='ocrx_word' id='word_1_177' title='bbox 514 2647 670 2712; x_wconf 91' lang='lat' dir='ltr'>librorum</span> <span class='ocrx_word' id='word_1_178' title='bbox 701 2653 793 2713; x_wconf 84' lang='lat' dir='ltr'>extra</span> <span class='ocrx_word' id='word_1_179' title='bbox 816 2653 1068 2716; x_wconf 86' lang='lat' dir='ltr'>controversiam</span> <span class='ocrx_word' id='word_1_180' title='bbox 1092 2654 1185 2735; x_wconf 92' lang='lat' dir='ltr'>ponit</span> <span class='ocrx_word' id='word_1_181' title='bbox 1208 2651 1377 2718; x_wconf 80' lang='lat' dir='ltr'>DINIAR-</span> 
     </span>
    </p>
   </div>
   <div class='ocr_carea' id='block_1_4' title="bbox 234 2753 1377 2948">
    <p class='ocr_par' dir='ltr' id='par_1_4' title="bbox 234 2753 1377 2948">
     <span class='ocr_line' id='line_1_23' title="bbox 234 2753 1377 2843; baseline 0.002 -22"><span class='ocrx_word' id='word_1_182' title='bbox 234 2755 346 2821; x_wconf 78' lang='lat' dir='ltr'>OHVS</span> <span class='ocrx_word' id='word_1_183' title='bbox 371 2755 478 2840; x_wconf 91' lang='lat' dir='ltr'>potius</span> <span class='ocrx_word' id='word_1_184' title='bbox 503 2753 708 2818; x_wconf 87' lang='lat' dir='ltr'>scribendum</span> <span class='ocrx_word' id='word_1_185' title='bbox 732 2777 802 2818; x_wconf 84' lang='lat' dir='ltr'>esse</span> <span class='ocrx_word' id='word_1_186' title='bbox 822 2761 946 2839; x_wconf 86' lang='lat' dir='ltr'>septem</span> <span class='ocrx_word' id='word_1_187' title='bbox 966 2757 1096 2841; x_wconf 88' lang='lat' dir='ltr'>quidem</span> <span class='ocrx_word' id='word_1_188' title='bbox 1115 2761 1270 2843; x_wconf 85' lang='lat' dir='ltr'>exemplis</span> <span class='ocrx_word' id='word_1_189' title='bbox 1289 2759 1377 2824; x_wconf 89' lang='lat' dir='ltr'>hisce</span> 
     </span>
     <span class='ocr_line' id='line_1_24' title="bbox 234 2857 1181 2948; baseline 0.002 -22"><span class='ocrx_word' id='word_1_190' title='bbox 234 2862 311 2946; x_wconf 81' lang='lat'>1,2,</span> <span class='ocrx_word' id='word_1_191' title='bbox 334 2863 386 2928; x_wconf 79' lang='lat'>56.</span> <span class='ocrx_word' id='word_1_192' title='bbox 410 2863 462 2925; x_wconf 79' lang='grc'>92.</span> <span class='ocrx_word' id='word_1_193' title='bbox 488 2861 559 2924; x_wconf 87' lang='grc'><strong>104.</strong></span> <span class='ocrx_word' id='word_1_194' title='bbox 583 2859 625 2942; x_wconf 88' lang='grc' dir='ltr'>ΙΙ,</span> <span class='ocrx_word' id='word_1_195' title='bbox 647 2861 679 2943; x_wconf 81' lang='grc'>4,</span> <span class='ocrx_word' id='word_1_196' title='bbox 702 2859 731 2925; x_wconf 91' lang='lat'>5.</span> <span class='ocrx_word' id='word_1_197' title='bbox 757 2861 786 2944; x_wconf 81' lang='lat' dir='ltr'>l,</span> <span class='ocrx_word' id='word_1_198' title='bbox 809 2857 942 2946; x_wconf 76' lang='lat' dir='ltr'>32.&#39;1V,</span> <span class='ocrx_word' id='word_1_199' title='bbox 965 2863 995 2945; x_wconf 86' lang='lat'>3,</span> <span class='ocrx_word' id='word_1_200' title='bbox 1018 2863 1070 2927; x_wconf 80' lang='lat'>51.</span> <span class='ocrx_word' id='word_1_201' title='bbox 1093 2864 1123 2948; x_wconf 80' lang='lat'>4,</span> <span class='ocrx_word' id='word_1_202' title='bbox 1146 2866 1181 2928; x_wconf 84' lang='lat'>4:</span> 
     </span>
    </p>
   </div>
   <div class='ocr_carea' id='block_1_5' title="bbox 202 2985 1449 3941">
    <p class='ocr_par' dir='ltr' id='par_1_5' title="bbox 278 2985 1273 3088">
     <span class='ocr_line' id='line_1_25' title="bbox 278 2985 1273 3088; baseline 0.002 -21"><span class='ocrx_word' id='word_1_203' title='bbox 278 3003 364 3080; x_wconf 82' lang='lat' dir='ltr'>Quae</span> <span class='ocrx_word' id='word_1_204' title='bbox 388 3006 421 3069; x_wconf 90' lang='lat' dir='ltr'>in</span> <span class='ocrx_word' id='word_1_205' title='bbox 445 3007 503 3069; x_wconf 77' lang='lat' dir='ltr'>nos</span> <span class='ocrx_word' id='word_1_206' title='bbox 528 2985 675 3086; x_wconf 81' lang='lat' dir='ltr'>illosque,</span> <span class='ocrx_word' id='word_1_207' title='bbox 699 3025 736 3066; x_wconf 88' lang='lat' dir='ltr'>ea</span> <span class='ocrx_word' id='word_1_208' title='bbox 760 3003 869 3067; x_wconf 80' lang='lat' dir='ltr'>omnia</span> <span class='ocrx_word' id='word_1_209' title='bbox 892 3004 953 3068; x_wconf 89' lang='lat' dir='ltr'>tibi</span> <span class='ocrx_word' id='word_1_210' title='bbox 977 3003 1066 3088; x_wconf 83' lang='lat' dir='ltr'>dicis,</span> <span class='ocrx_word' id='word_1_211' title='bbox 1089 3004 1273 3069; x_wconf 72' lang='lat' dir='ltr'>Diniarche.</span> 
     </span>
    </p>

    <p class='ocr_par' dir='ltr' id='par_1_6' title="bbox 278 3092 1375 3194">
     <span class='ocr_line' id='line_1_26' title="bbox 278 3092 1375 3194; baseline 0.004 -21"><span class='ocrx_word' id='word_1_212' title='bbox 278 3110 444 3194; x_wconf 76' lang='lat' dir='ltr'>Peperisse</span> <span class='ocrx_word' id='word_1_213' title='bbox 464 3133 535 3174; x_wconf 88' lang='lat' dir='ltr'>eam</span> <span class='ocrx_word' id='word_1_214' title='bbox 556 3110 674 3174; x_wconf 75' lang='lat' dir='ltr'>aridiui.</span> <span class='ocrx_word' id='word_1_215' title='bbox 708 3092 850 3173; x_wconf 76' lang='lat' dir='ltr'>Obsecro</span> <span class='ocrx_word' id='word_1_216' title='bbox 870 3113 950 3194; x_wconf 90' lang='lat' dir='ltr'>tace,</span> <span class='ocrx_word' id='word_1_217' title='bbox 969 3109 1152 3176; x_wconf 85' lang='lat' dir='ltr'>Diniarcho.</span> <span class='ocrx_word' id='word_1_218' title='bbox 1186 3111 1268 3187; x_wconf 71' lang='lat' dir='ltr'>usal</span> <span class='ocrx_word' id='word_1_219' title='bbox 1288 3113 1375 3177; x_wconf 81' lang='lat' dir='ltr'>iam?</span> 
     </span>
    </p>

    <p class='ocr_par' dir='ltr' id='par_1_7' title="bbox 276 3215 1353 3302">
     <span class='ocr_line' id='line_1_27' title="bbox 276 3215 1353 3302; baseline 0.005 -23"><span class='ocrx_word' id='word_1_220' title='bbox 276 3215 361 3280; x_wconf 88' lang='lat' dir='ltr'>Nam</span> <span class='ocrx_word' id='word_1_221' title='bbox 385 3221 421 3281; x_wconf 80' lang='lat' dir='ltr'>tu</span> <span class='ocrx_word' id='word_1_222' title='bbox 445 3216 574 3299; x_wconf 86' lang='lat' dir='ltr'>quidem</span> <span class='ocrx_word' id='word_1_223' title='bbox 598 3216 711 3299; x_wconf 86' lang='lat' dir='ltr'>edepol</span> <span class='ocrx_word' id='word_1_224' title='bbox 735 3218 846 3280; x_wconf 76' lang='lat' dir='ltr'>noster</span> <span class='ocrx_word' id='word_1_225' title='bbox 869 3238 902 3280; x_wconf 86' lang='lat' dir='ltr'>es</span> <span class='ocrx_word' id='word_1_226' title='bbox 927 3217 1026 3282; x_wconf 65' lang='lat' dir='ltr'>etiaim</span> <span class='ocrx_word' id='word_1_227' title='bbox 1050 3240 1144 3302; x_wconf 91' lang='lat' dir='ltr'>nunc,</span> <span class='ocrx_word' id='word_1_228' title='bbox 1169 3219 1353 3284; x_wconf 75' lang='lat' dir='ltr'>Diniarclre.</span> 
     </span>
    </p>

    <p class='ocr_par' dir='ltr' id='par_1_8' title="bbox 275 3321 951 3407">
     <span class='ocr_line' id='line_1_28' title="bbox 275 3321 951 3407; baseline 0.004 -21"><span class='ocrx_word' id='word_1_229' title='bbox 275 3321 350 3386; x_wconf 91' lang='lat' dir='ltr'>Non</span> <span class='ocrx_word' id='word_1_230' title='bbox 374 3323 429 3387; x_wconf 79' lang='lat' dir='ltr'>des</span> <span class='ocrx_word' id='word_1_231' title='bbox 454 3325 584 3406; x_wconf 87' lang='lat' dir='ltr'>amicae,</span> <span class='ocrx_word' id='word_1_232' title='bbox 608 3321 792 3407; x_wconf 87' lang='lat' dir='ltr'>Diniarche,</span> <span class='ocrx_word' id='word_1_233' title='bbox 815 3325 951 3389; x_wconf 74' lang='lat' dir='ltr'>saluium.</span> 
     </span>
    </p>

    <p class='ocr_par' dir='ltr' id='par_1_9' title="bbox 202 3427 1449 3622">
     <span class='ocr_line' id='line_1_29' title="bbox 202 3427 1449 3517; baseline 0.006 -26"><span class='ocrx_word' id='word_1_234' title='bbox 202 3435 208 3448; x_wconf 92' lang='lat'>&#39;</span> <span class='ocrx_word' id='word_1_235' title='bbox 278 3427 337 3492; x_wconf 84' lang='lat' dir='ltr'>Dio</span> <span class='ocrx_word' id='word_1_236' title='bbox 366 3433 495 3514; x_wconf 82' lang='lat' dir='ltr'>amabo,</span> <span class='ocrx_word' id='word_1_237' title='bbox 525 3431 579 3496; x_wconf 90' lang='lat' dir='ltr'>ubi</span> <span class='ocrx_word' id='word_1_238' title='bbox 611 3428 845 3496; x_wconf 76' lang='lat' dir='ltr'>Diniarchust‘?</span> <span class='ocrx_word' id='word_1_239' title='bbox 882 3431 986 3495; x_wconf 77' lang='lat' dir='ltr'>Domi.</span> <span class='ocrx_word' id='word_1_240' title='bbox 1038 3431 1113 3517; x_wconf 88' lang='lat' dir='ltr'>Dic,</span> <span class='ocrx_word' id='word_1_241' title='bbox 1143 3455 1225 3516; x_wconf 90' lang='lat' dir='ltr'>quae</span> <span class='ocrx_word' id='word_1_242' title='bbox 1256 3433 1296 3498; x_wconf 90' lang='lat' dir='ltr'>ad</span> <span class='ocrx_word' id='word_1_243' title='bbox 1325 3458 1375 3498; x_wconf 89' lang='lat' dir='ltr'>me</span> <span class='ocrx_word' id='word_1_244' title='bbox 1441 3445 1449 3458; x_wconf 90' lang='grc'><strong>“</strong></span> 
     </span>
     <span class='ocr_line' id='line_1_30' title="bbox 1084 3537 1216 3622; baseline 0.008 -20"><span class='ocrx_word' id='word_1_245' title='bbox 1084 3537 1216 3622; x_wconf 80' lang='lat' dir='ltr'>miserit,</span> 
     </span>
    </p>

    <p class='ocr_par' dir='ltr' id='par_1_10' title="bbox 278 3624 1374 3728">
     <span class='ocr_line' id='line_1_31' title="bbox 278 3624 1374 3728; baseline 0.007 -25"><span class='ocrx_word' id='word_1_246' title='bbox 278 3624 328 3704; x_wconf 76' lang='lat' dir='ltr'>(lb</span> <span class='ocrx_word' id='word_1_247' title='bbox 351 3665 390 3705; x_wconf 86' lang='lat' dir='ltr'>ea</span> <span class='ocrx_word' id='word_1_248' title='bbox 413 3641 497 3705; x_wconf 87' lang='lat' dir='ltr'>dona</span> <span class='ocrx_word' id='word_1_249' title='bbox 520 3647 571 3707; x_wconf 78' lang='lat' dir='ltr'>me</span> <span class='ocrx_word' id='word_1_250' title='bbox 592 3645 683 3708; x_wconf 93' lang='lat' dir='ltr'>illum</span> <span class='ocrx_word' id='word_1_251' title='bbox 702 3665 811 3708; x_wconf 87' lang='lat' dir='ltr'>amaro</span> <span class='ocrx_word' id='word_1_252' title='bbox 830 3645 975 3707; x_wconf 78' lang='lat' dir='ltr'>omnium</span> <span class='ocrx_word' id='word_1_253' title='bbox 994 3644 1160 3709; x_wconf 87' lang='lat' dir='ltr'>hominum</span> <span class='ocrx_word' id='word_1_254' title='bbox 1181 3647 1374 3728; x_wconf 79' lang='lat' dir='ltr'>plrirumum.</span> 
     </span>
    </p>

    <p class='ocr_par' dir='ltr' id='par_1_11' title="bbox 276 3745 1373 3836">
     <span class='ocr_line' id='line_1_32' title="bbox 276 3745 1373 3836; baseline 0.006 -26"><span class='ocrx_word' id='word_1_255' title='bbox 276 3745 380 3811; x_wconf 85' lang='lat' dir='ltr'>Dicin&#39;</span> <span class='ocrx_word' id='word_1_256' title='bbox 404 3770 443 3811; x_wconf 88' lang='lat' dir='ltr'>uu</span> <span class='ocrx_word' id='word_1_257' title='bbox 468 3750 553 3813; x_wconf 82' lang='lat' dir='ltr'>non?</span> <span class='ocrx_word' id='word_1_258' title='bbox 580 3748 799 3834; x_wconf 82' lang='lat' dir='ltr'>Diniarohust,</span> <span class='ocrx_word' id='word_1_259' title='bbox 822 3749 901 3833; x_wconf 90' lang='lat' dir='ltr'>quoi</span> <span class='ocrx_word' id='word_1_260' title='bbox 921 3750 1011 3814; x_wconf 87' lang='lat' dir='ltr'>illam</span> <span class='ocrx_word' id='word_1_261' title='bbox 1034 3752 1124 3836; x_wconf 91' lang='lat' dir='ltr'>prius</span> <span class='ocrx_word' id='word_1_262' title='bbox 1148 3752 1373 3835; x_wconf 76' lang='lat' dir='ltr'>despdnrleras</span> 
     </span>
    </p>

    <p class='ocr_par' dir='ltr' id='par_1_12' title="bbox 275 3842 1213 3941">
     <span class='ocr_line' id='line_1_33' title="bbox 275 3842 1213 3941; baseline 0.005 -23"><span class='ocrx_word' id='word_1_263' title='bbox 275 3842 324 3918; x_wconf 76' lang='lat' dir='ltr'>Ea</span> <span class='ocrx_word' id='word_1_264' title='bbox 348 3854 432 3919; x_wconf 81' lang='lat' dir='ltr'>dixit</span> <span class='ocrx_word' id='word_1_265' title='bbox 455 3877 527 3920; x_wconf 91' lang='lat' dir='ltr'>eum</span> <span class='ocrx_word' id='word_1_266' title='bbox 551 3855 720 3922; x_wconf 81' lang='lat' dir='ltr'>Diniarchi</span> <span class='ocrx_word' id='word_1_267' title='bbox 744 3861 880 3941; x_wconf 78' lang='lat' dir='ltr'>puerum</span> <span class='ocrx_word' id='word_1_268' title='bbox 904 3859 1071 3924; x_wconf 89' lang='lat' dir='ltr'>inuentum</span> <span class='ocrx_word' id='word_1_269' title='bbox 1095 3858 1213 3923; x_wconf 80' lang='lat' dir='ltr'>filium.</span> 
     </span>
    </p>
   </div>
   <div class='ocr_carea' id='block_1_6' title="bbox 230 3995 1373 4274">
    <p class='ocr_par' dir='ltr' id='par_1_13' title="bbox 230 3995 1373 4274">
     <span class='ocr_line' id='line_1_34' title="bbox 231 3995 1373 4087; baseline 0.009 -29"><span class='ocrx_word' id='word_1_270' title='bbox 231 3995 279 4060; x_wconf 90' lang='lat' dir='ltr'>De</span> <span class='ocrx_word' id='word_1_271' title='bbox 308 4021 371 4080; x_wconf 88' lang='lat' dir='ltr'>qua</span> <span class='ocrx_word' id='word_1_272' title='bbox 397 3997 517 4082; x_wconf 90' lang='lat' dir='ltr'>forma,</span> <span class='ocrx_word' id='word_1_273' title='bbox 548 3999 637 4063; x_wconf 89' lang='lat' dir='ltr'>cuius</span> <span class='ocrx_word' id='word_1_274' title='bbox 665 4022 781 4084; x_wconf 91' lang='lat' dir='ltr'>parum</span> <span class='ocrx_word' id='word_1_275' title='bbox 810 4022 886 4065; x_wconf 87' lang='lat' dir='ltr'>sane</span> <span class='ocrx_word' id='word_1_276' title='bbox 911 4003 1061 4086; x_wconf 85' lang='lat' dir='ltr'>expedita</span> <span class='ocrx_word' id='word_1_277' title='bbox 1084 4003 1182 4087; x_wconf 89' lang='lat' dir='ltr'>ratio,</span> <span class='ocrx_word' id='word_1_278' title='bbox 1213 4003 1278 4068; x_wconf 88' lang='lat' dir='ltr'>alio</span> <span class='ocrx_word' id='word_1_279' title='bbox 1303 4004 1373 4068; x_wconf 92' lang='lat' dir='ltr'>loco</span> 
     </span>
     <span class='ocr_line' id='line_1_35' title="bbox 231 4103 1373 4193; baseline 0.009 -27"><span class='ocrx_word' id='word_1_280' title='bbox 231 4103 336 4168; x_wconf 86' lang='lat' dir='ltr'>dicam</span> <span class='ocrx_word' id='word_1_281' title='bbox 364 4103 441 4186; x_wconf 90' lang='lat' dir='ltr'>quid</span> <span class='ocrx_word' id='word_1_282' title='bbox 469 4104 512 4168; x_wconf 88' lang='lat' dir='ltr'>sit</span> <span class='ocrx_word' id='word_1_283' title='bbox 540 4107 746 4171; x_wconf 87' lang='lat' dir='ltr'>statuendum</span> <span class='ocrx_word' id='word_1_284' title='bbox 774 4105 846 4171; x_wconf 85' lang='grc' dir='ltr'><strong><em>κατ’</em></strong></span> <span class='ocrx_word' id='word_1_285' title='bbox 869 4104 948 4188; x_wconf 71' lang='grc' dir='ltr'>ἐμὴν</span> <span class='ocrx_word' id='word_1_286' title='bbox 971 4109 1072 4187; x_wconf 85' lang='grc' dir='ltr'>ἰδέαν,</span> <span class='ocrx_word' id='word_1_287' title='bbox 1105 4115 1142 4174; x_wconf 93' lang='lat' dir='ltr'>ut</span> <span class='ocrx_word' id='word_1_288' title='bbox 1164 4111 1279 4193; x_wconf 87' lang='lat' dir='ltr'>loquar</span> <span class='ocrx_word' id='word_1_289' title='bbox 1302 4133 1373 4176; x_wconf 90' lang='lat' dir='ltr'>cum</span> 
     </span>
     <span class='ocr_line' id='line_1_36' title="bbox 230 4207 362 4274; baseline 0 -2"><span class='ocrx_word' id='word_1_290' title='bbox 230 4207 362 4274; x_wconf 88' lang='lat' dir='ltr'>Vranio.</span> 
     </span>
    </p>
   </div>
   <div class='ocr_carea' id='block_1_7' title="bbox 230 4333 1373 4530">
    <p class='ocr_par' dir='ltr' id='par_1_14' title="bbox 230 4333 1373 4530">
     <span class='ocr_line' id='line_1_37' title="bbox 319 4333 1373 4422; baseline 0.007 -24"><span class='ocrx_word' id='word_1_291' title='bbox 319 4334 349 4398; x_wconf 84' lang='lat'>4.</span> <span class='ocrx_word' id='word_1_292' title='bbox 386 4333 437 4398; x_wconf 81' lang='lat' dir='ltr'>Ad</span> <span class='ocrx_word' id='word_1_293' title='bbox 467 4339 555 4400; x_wconf 86' lang='lat' dir='ltr'>certa</span> <span class='ocrx_word' id='word_1_294' title='bbox 578 4339 674 4419; x_wconf 88' lang='lat' dir='ltr'>atque</span> <span class='ocrx_word' id='word_1_295' title='bbox 697 4337 795 4418; x_wconf 85' lang='lat' dir='ltr'>plana</span> <span class='ocrx_word' id='word_1_296' title='bbox 818 4343 855 4402; x_wconf 89' lang='lat' dir='ltr'>ut</span> <span class='ocrx_word' id='word_1_297' title='bbox 877 4343 1053 4422; x_wconf 86' lang='lat' dir='ltr'>transeam,</span> <span class='ocrx_word' id='word_1_298' title='bbox 1081 4339 1222 4421; x_wconf 88' lang='lat' dir='ltr'>primum</span> <span class='ocrx_word' id='word_1_299' title='bbox 1245 4339 1300 4402; x_wconf 92' lang='lat' dir='ltr'>diu</span> <span class='ocrx_word' id='word_1_300' title='bbox 1324 4345 1373 4405; x_wconf 88' lang='lat' dir='ltr'>est</span> 
     </span>
     <span class='ocr_line' id='line_1_38' title="bbox 230 4441 1372 4530; baseline 0.005 -24"><span class='ocrx_word' id='word_1_301' title='bbox 230 4463 302 4506; x_wconf 86' lang='lat' dir='ltr'>cum</span> <span class='ocrx_word' id='word_1_302' title='bbox 332 4441 478 4507; x_wconf 85' lang='lat' dir='ltr'>intellexi</span> <span class='ocrx_word' id='word_1_303' title='bbox 507 4464 616 4506; x_wconf 84' lang='lat' dir='ltr'>verum</span> <span class='ocrx_word' id='word_1_304' title='bbox 648 4463 766 4507; x_wconf 90' lang='lat' dir='ltr'>nomen</span> <span class='ocrx_word' id='word_1_305' title='bbox 789 4443 952 4510; x_wconf 83' lang='lat' dir='ltr'>Theodori</span> <span class='ocrx_word' id='word_1_306' title='bbox 975 4444 1108 4530; x_wconf 86' lang='lat' dir='ltr'>Bergkii</span> <span class='ocrx_word' id='word_1_307' title='bbox 1131 4447 1278 4511; x_wconf 87' lang='lat' dir='ltr'>acumine</span> <span class='ocrx_word' id='word_1_308' title='bbox 1302 4447 1372 4512; x_wconf 90' lang='lat' dir='ltr'>Mo-</span> 
     </span>
    </p>
   </div>
   <div class='ocr_carea' id='block_1_8' title="bbox 0 0 1652 5104">
    <p class='ocr_par' dir='ltr' id='par_1_15' title="bbox 0 0 1652 5104">
     <span class='ocr_line' id='line_1_39' title="bbox 0 0 1652 5104; baseline 0 3"><span class='ocrx_word' id='word_1_309' title='bbox 0 0 1652 5104; x_wconf 95' lang='lat' dir='ltr'> </span> 
     </span>
    </p>
   </div>
  </div>
 </body>
</html>
