3288 5100
553 392 630 440 uva
655 392 904 440 nnanousnvu
928 393 1051 440 nrani-
1298 375 1363 440 513
1454 431 1459 440 .

224 537 425 602 Varroniana
457 535 601 600 conclusi
634 538 759 618 septem
793 535 962 600 architecti
994 533 1203 616 Daedalus,
1234 534 1364 613 Philo,
1444 517 1449 524 ¹

219 642 485 726 Archimedes,
508 640 763 725 Menecraten,
786 639 1037 725 Chersiphro,
1060 641 1223 724 latinus,
1245 639 1365 706 Dino·

220 749 379 817 chares?
420 749 448 814 ll
481 750 598 834 quibus
631 753 784 834 quattuor
816 749 914 813 etiarn
941 748 1067 812 Plinius
1098 751 1136 812 ut
1167 747 1364 812 clarissimos

221 858 363 923 omnium
392 878 465 921 cum
498 857 611 940 quinto
641 853 800 939 Ctesibio,
832 855 888 918 sed
920 855 975 938 qui
1002 854 1225 920 mechanicam
1257 853 1365 938 potius

220 962 462 1046 inlustraverit,
494 963 668 1048 insignivit
695 963 750 1026 lib.
778 960 842 1026 Vll
870 968 889 1041 ὅ
916 962 991 1026 125:
1024 959 1164 1046 ‘grande
1191 964 1223 1025 et
1250 959 1366 1025 Archi-

220 1071 306 1136 medi
343 1069 557 1155 geometricae
591 1091 628 1133 ae
660 1067 852 1132 machinalis
886 1067 1039 1132 scientiae
1071 1068 1294 1134 testimonium
1322 1067 1365 1132 M.

220 1177 367 1242 Marcelli
390 1175 529 1260 contigit
552 1224 560 1240 .
584 1225 591 1240 .
614 1225 622 1240 .
645 1199 665 1259 ,3
690 1175 837 1240 laudatus
862 1177 912 1239 est
935 1177 967 1238 et
990 1172 1210 1258 Chersiphron
1229 1171 1365 1240 Cnosius

171 1345 176 1354 .
221 1284 298 1348 aede
330 1281 456 1366 Ephesi
488 1281 613 1347 Dianae
646 1282 829 1347 admirabili
865 1280 1038 1364 fabricata,
1074 1280 1195 1345 Philon
1226 1280 1365 1346 Athenis

221 1388 472 1454 armamentario
496 1389 585 1453 mille
607 1389 752 1472 navium,
776 1387 938 1454 Ctesibius
961 1387 1166 1472 pneumatica
1184 1387 1309 1452 ratione
1333 1391 1367 1451 et

220 1496 420 1578 hydraulicis
445 1496 577 1580 organis
606 1496 757 1580 repertis,
785 1494 987 1562 Dinochares
1016 1497 1157 1558 metatus
1180 1493 1365 1560 Alexandro

223 1602 373 1666 condenti
394 1601 430 1666 in
453 1602 607 1686 Aegypto
630 1601 883 1667 Alexandriam?

310 1707 433 1772 Verum
455 1730 496 1772 nc
520 1708 566 1772 sio
594 1707 722 1792 quidem
746 1709 974 1774 concinnitatis
998 1709 1105 1774 studio
1129 1707 1209 1773 satis
1235 1706 1366 1772 factum.

220 1815 307 1880 Nam
326 1817 362 1878 ut
380 1813 429 1878 illi
449 1811 564 1878 Graeci
584 1816 660 1878 sunt
678 1835 800 1892 omnes,
819 1815 867 1878 ita
886 1815 986 1880 etiam
1006 1815 1086 1879 alibi
1105 1837 1171 1880 non
1189 1814 1368 1897 miscuisse,

222 1922 278 1987 sed
297 1919 486 1986 discrevisse
507 1918 647 1984 Graecos
661 1919 891 2004 Romanosque
910 1921 1057 1986 homines
1072 1920 1177 1986 Varro
1197 1920 1367 1986 videbitur.

221 2027 307 2093 Nam
335 2027 461 2111 patriae
490 2026 620 2111 quidem
643 2028 772 2092 virtutis
797 2027 868 2092 laus
892 2051 930 2093 ac
958 2027 1065 2112 gloria
1093 2049 1190 2112 quam
1213 2027 1310 2113 longe
1333 2027 1367 2092 in

221 2135 429 2219 Imaginibus
466 2133 620 2216 patuerit,
657 2134 820 2200 luculento
857 2134 1045 2198 testimonio
1079 2131 1293 2215 Symmachus
1330 2155 1368 2198 ea

222 2241 364 2327 epistula
387 2240 490 2324 docet,
513 2261 594 2325 quae
618 2241 652 2304 in
675 2240 778 2304 lucem
802 2245 969 2324 protracta
993 2239 1193 2305 aLudovico
1213 2238 1367 2305 Carrione

221 2348 393 2414 Emendat.
421 2345 469 2429 II,
496 2348 550 2430 14,
582 2370 602 2412 a
634 2345 781 2430 Gaspare
814 2351 923 2412 autem
956 2344 1108 2430 Scioppio
1142 2368 1158 2410 a
1190 2346 1276 2412 libro
1309 2369 1367 2412 ms.

222 2457 366 2519 correcta
397 2451 575 2516 Verisimil.
606 2451 638 2535 Ι,
667 2453 701 2536 7,
736 2475 822 2518 nunc
855 2455 971 2536 quarta
1002 2453 1123 2537 legitur
1153 2452 1229 2516 libri
1260 2451 1367 2538 primi.

223 2560 288 2624 Vbi
325 2557 366 2622 ad
402 2559 529 2640 patrem
566 2553 646 2641 (non
679 2558 720 2623 ad
753 2558 934 2624 Ausonium
967 2558 1249 2644 Burdigalensem,
1285 2581 1367 2642 quae

221 2663 358 2731 Mercari
381 2663 567 2728 coniectura
589 2661 652 2726 fuit
674 2664 709 2730 in
731 2663 874 2732 Nonium
897 2687 927 2748 p.
944 2664 1022 2750 775)
1045 2665 1125 2731 haec
1149 2665 1264 2731 scribit
1285 2687 1367 2751 quae

221 2771 306 2836 infra
324 2769 506 2855 posuimus:
531 2765 695 2834 ‘Studium
714 2771 843 2856 quidem
862 2770 1026 2856 Menippei
1042 2771 1199 2836 Varronis
1219 2771 1367 2857 imitaris,
1417 2783 1422 2792 '

223 2879 278 2944 sed
297 2877 400 2944 vincis
419 2875 594 2961 ingenium.
622 2897 698 2940 nam
721 2897 801 2960 quae
820 2877 855 2942 iu
873 2880 1038 2942 nostrates
1057 2877 1143 2942 viros
1162 2899 1247 2942 nunc
1264 2899 1368 2962 nuper

221 2985 333 3051 condis
366 2983 615 3068 epigrammata,
652 2987 732 3066 puto
768 2983 994 3050 hebdomadon
1026 2983 1143 3068 elogiis
1177 2984 1367 3068 praenitere,

222 3091 307 3177 quod
324 3067 432 3176 'aeque
456 3089 580 3172 sobria,
602 3111 662 3154 nec
684 3093 795 3154 tamen
819 3112 912 3156 casca
931 3095 1016 3155 sunt.
1047 3090 1105 3154 illa
1128 3090 1214 3156 bono
1233 3090 1366 3156 metallo

222 3221 299 3264 cusa
330 3202 426 3264 torno
455 3197 542 3282 exigi
570 3195 768 3262 nescierunt:
799 3197 880 3262 haec
904 3196 1066 3262 duriorem
1088 3197 1153 3260 nisi
1176 3197 1272 3262 fallor
1299 3219 1366 3262 ma·
1451 3223 1458 3240 ·

220 3307 335 3370 teriem
359 3301 580 3386 admittent.*)
616 3303 671 3368 ille
694 3303 916 3389 Pythagoram
944 3304 999 3388 qui
1023 3303 1149 3367 animas
1172 3303 1207 3367 in
1231 3304 1421 3368 aeterni-vn

221 3415 325 3476 tatem
348 3411 472 3495 primus
491 3410 642 3494 asseruit,
665 3411 720 3474 ille
739 3408 910 3476 Platonem
930 3411 986 3496 qui
1005 3409 1081 3474 deos
1100 3431 1173 3474 esse
1195 3409 1367 3493 persuasit,

221 3517 277 3580 ille
295 3517 507 3581 Aristotelem
531 3516 585 3598 qui
604 3519 755 3580 naturam
779 3517 860 3580 bane
879 3516 1031 3600 loquendi
1055 3515 1088 3580 in
1108 3517 1211 3580 artem
1232 3515 1366 3600 redegit,

292 3777 318 3845 ⁸¹)
337 3777 476 3847 vulgatur
500 3778 592 3848 ‘quod
610 3779 676 3834 baec
694 3794 783 3847 aeque
801 3779 906 3848 sobria,
929 3795 981 3832 nac
1005 3781 1100 3833 tamen
1118 3795 1200 3834 casca
1221 3780 1292 3833 sunt.
1315 3777 1367 3832 illa

220 3866 295 3921 bono
314 3867 429 3921 metallo
448 3885 514 3923 cusa
532 3871 614 3923 torno
634 3866 710 3938 erigi
729 3867 889 3922 nescierunt
907 3873 932 3922 et
950 3867 1090 3923 duriorem
1109 3867 1162 3922 nisi
1180 3867 1265 3922 fallor
1278 3868 1366 3920 mate·

222 3947 292 4010 riam
306 3955 460 4011 wadan&
481 3957 561 4022 Quod
576 3957 615 4012 sic
629 3957 731 4012 saltem
745 3955 892 4012 dicendum
907 3955 1013 4012 fuerat:
1029 3955 1096 4011 ‘illa
1110 3999 1116 4012 .
1132 3999 1139 4012 .
1155 3999 1161 4012 .
1175 4001 1182 4012 .
1197 3956 1366 4012 nescierunt

221 4051 253 4098 tu
275 4045 415 4100 duriorem
439 4044 493 4100 nisi
515 4046 599 4101 fallor
621 4045 767 4102 materiem
792 4045 957 4102 adniteris':
981 4063 1151 4116 quamquam
1174 4045 1220 4101 vel
1238 4045 1292 4100 hoc
1311 4060 1366 4098 non

221 4151 279 4188 una
292 4133 326 4188 de
341 4150 439 4188 caussa
453 4133 591 4203 displicet.
619 4135 679 4190 Nos
693 4135 728 4191 ab
743 4152 776 4190 eo
796 4134 916 4205 profecti
930 4153 1024 4190 samus
1038 4133 1112 4203 quod
1126 4137 1190 4188 ante
1206 4133 1367 4202 Scioppium

221 4223 366 4278 edebaturr
392 4221 437 4276 ‘et
459 4222 599 4278 duriorem
618 4223 673 4278 nisi
696 4224 780 4278 fallor
797 4223 943 4278 materiam
966 4223 1175 4278 admittere’.
1208 4223 1268 4277 Hoc
1292 4221 1366 4275 enim

221 4312 275 4367 sibi
297 4311 359 4366 vult
386 4311 505 4382 scriptor
532 4311 657 4366 modesto
684 4311 815 4367 nimirum
843 4311 983 4367 acumine:
1011 4310 1153 4381 splendori
1174 4308 1365 4365 Varronianae

221 4399 322 4456 aetatis
348 4417 405 4456 non
431 4415 529 4470 parem
553 4415 611 4453 essa
638 4399 779 4455 rudiorem
802 4403 892 4455 artem
915 4399 1061 4467 Varronis,
1089 4397 1195 4453 maiore
1223 4397 1365 4468 elegantia

222 4487 499 4558 symmachianorum
513 4486 668 4556 alogiorum
677 4489 852 4558 compensari
865 4491 1024 4558 temporum
1040 4503 1152 4540 mamm
1166 4486 1364 4542 humilitatam.

275 4597 315 4632 ra.
335 4597 484 4633 arescasau
503 4595 636 4630 orvscvcs
659 4597 699 4630 ιη.
1118 4583 1151 4630 33
