3294 5104
263 367 328 434 318
540 381 783 444 Qvansmonss
805 377 1136 430 onounsonooiosa.

306 550 376 612 nex,
399 525 570 592 Asinariae
594 525 634 608 V,
656 527 692 608 2,
719 525 758 588 16
782 521 891 609 (866);
912 561 956 570 -
979 525 1081 607 dives,
1105 521 1277 606 Adelphon
1299 523 1356 608 IV,
1380 526 1410 608 2,

307 636 352 700 42
375 631 479 722 (581).

228 805 231 812 ,
262 741 521 823 *Κρικολάβοε
540 737 784 803 Cricolahus:
807 739 977 802 famelicus
992 759 1138 822 nequam,
1157 737 1338 802 Trinummi
1353 737 1410 822 lv,

229 829 234 839 ι
307 849 338 932 3,
359 850 401 912 14
420 843 536 932 (1021)
561 845 745 908 coniectura
767 849 880 910 nostra
903 845 1089 928 repositum
1128 843 1188 920 Qui
1207 867 1319 909 versus
1338 867 1409 909 cum

306 956 340 1020 in
363 953 457 1018 libris
481 950 556 1015 halis
581 951 636 1014 sit:
662 950 799 1016 Truthus
817 950 882 1034 (vel
902 950 1407 1035 h·uchus)saitccrcooio1sorin-

306 1082 366 1126 mcs
402 1058 573 1156 cercohahts
608 1057 753 1135 colhabtss,
791 1059 852 1122 etsi
889 1058 923 1122 in
955 1055 1214 1126 *Cercoboius
1247 1060 1408 1121 mutatum

308 1166 497 1232 mendosum
525 1165 706 1230 Ceramiae
737 1165 879 1232 numeris
911 1164 972 1230 hac
1004 1163 1192 1230 condicione
1222 1185 1287 1232 non
1317 1187 1408 1249 repu-

308 1277 400 1359 gnat,
430 1273 525 1338 simul
554 1277 591 1336 ut
613 1271 709 1335 nihili
732 1293 850 1335 nomen
873 1270 1011 1336 Ονίκκκε
1034 1272 1091 1335 fiat
1114 1269 1242 1354 Crinas,
1270 1271 1317 1340 sic
1340 1271 1408 1355 qui-

308 1381 394 1445 dem:
424 1377 599 1444 Ολίννρλκε
619 1378 695 1458 fuit,
723 1375 914 1458 Caicooicuo,
943 1375 1072 1460 Crinas,
1095 1375 1284 1455 Ocreobolos,
1308 1377 1410 1446 colla-

308 1488 379 1552 bus:
409 1491 520 1550 tamen
548 1506 615 1548 non
642 1505 737 1568 posse
760 1506 824 1548 non
848 1483 1016 1566 displicere
1039 1483 1118 1548 bina
1140 1483 1273 1548 nomina
1296 1484 1407 1548 eodem

253 1639 259 1650 ·
309 1593 413 1658 Cerco
443 1592 537 1657 initio
567 1591 655 1656 faeta
686 1589 869 1673 significavi
896 1589 1024 1674 Proleg.
1052 1613 1082 1674 p.
1105 1607 1236 1654 Lxxxu.
1289 1587 1411 1654 Contra

309 1701 337 1765 si
365 1701 398 1764 in
427 1701 555 1764 monus
577 1698 660 1762 latei
683 1696 791 1780 potius
815 1695 974 1778 Cadmum,
1003 1696 1036 1762 id
1060 1697 1144 1780 quod
1168 1697 1272 1760 multo
1296 1698 1410 1780 probo·

308 1807 406 1872 bilius
434 1829 504 1871 esse
531 1809 611 1890 puto
639 1801 730 1890 (nam
759 1803 805 1868 sie
829 1845 844 1852 -
862 1827 881 1852 ν
896 1803 901 1869 Ι
916 1827 935 1852 υ
958 1804 1119 1887 dispectus
1143 1803 1292 1887 dactylus
1315 1804 1410 1868 facile

309 1914 436 1978 veniam
461 1936 480 1976 a
502 1911 642 1997 propriis
666 1910 852 1975 nominibus
876 1909 998 1996 habet),
1021 1921 1067 1975 ne'
1080 1910 1189 1974 ferunt
1207 1910 1335 1993 quidem
1353 1933 1410 1976 nu-

310 2019 390 2082 meri
413 2017 589 2082 Cercobolus
616 2017 769 2099 syllabas.
814 2015 901 2080 Hinc
927 2016 1029 2100 igihur
1057 2021 1107 2081 est
1134 2017 1219 2101 quod
1247 2038 1312 2080 non
1340 2039 1410 2080 esse

310 2149 330 2190 a
356 2127 472 2208 κέρκῳ,
500 2122 556 2187 sed
584 2146 603 2188 a
631 2123 725 2206 κίρκῳ
753 2123 818 2205 vel,
846 2122 932 2206 quod
960 2123 1072 2188 eodem
1096 2122 1193 2207 redit,
1220 2123 1315 2206 κρίκῳ
1338 2145 1412 2207 pro·

311 2229 518 2296 ficiscendum
546 2229 742 2312 existimavi,
773 2227 869 2292 simul
894 2232 1016 2312 autem,
1044 2231 1080 2294 ui
1103 2230 1306 2296 commodam
1329 2229 1410 2294 furis

309 2339 476 2404 notionem
499 2337 766 2419 nancisceremur,
789 2357 809 2398 a
833 2334 961 2414 βάλλειν
985 2336 1084 2400 verbo
1108 2337 1149 2400 ad
1173 2341 1284 2418 λαβεῖν
1306 2340 1410 2400 trans-

310 2445 458 2510 eundum.
510 2443 585 2508 Nisi
617 2443 689 2528 quis
722 2442 806 2506 forte
839 2441 968 2526 longius
1000 2443 1115 2508 relicta
1146 2443 1206 2507 fide
1238 2443 1411 2507 memoriae

309 2549 604 2634 *Oriooclopum
628 2549 797 2634 praeferet.

265 2657 453 2736 *Kpipvoc
477 2653 667 2722 Orimnus:
691 2655 765 2718 vide
788 2655 883 2720 modo
908 2657 1054 2740 exposita
1077 2659 1110 2719 eh
1132 2659 1229 2739 caput
1251 2655 1284 2718 II
1309 2659 1329 2736 ἓ
1353 2655 1382 2722 5.

268 2764 412 2843 Κρίτων
444 2762 565 2830 Crito:
603 2783 699 2826 senen
731 2760 851 2845 hospes
883 2761 1039 2845 Andriae3
1073 2798 1114 2807 —
1148 2763 1272 2826 vicinus
1306 2784 1412 2840 senex,

309 2869 662 2936 Heautontimorumeno
671 2867 729 2952 III,
742 2871 769 2951 1,
781 2869 822 2933 89
829 2865 938 2954 (498);
956 2905 993 2914 -
1008 2869 1183 2933 advocatus
1194 2867 1411 2934 Phormionis.

266 2977 509 3056 *Κροκώτιον
533 2973 769 3039 Crocotium:
794 2974 913 3039 ancilla
937 2973 1049 3039 Stichi.

268 3086 464 3162 Κτηειφῶν
489 3080 677 3165 Ctesipho
701 3077 893 3166 (OuuslP0):
918 3081 1104 3144 adulescens
1128 3081 1309 3165 Adelphos.

266 3189 437 3267 *Κύαμοε
462 3187 624 3272 Cyamus
648 3183 835 3273 (Ovnnvsh
859 3208 954 3251 cocus
974 3185 1160 3251 Truculenti
1180 3187 1221 3266 11,
1242 3189 1270 3271 ί,
1290 3189 1341 3254 28.
1357 3190 1408 3255 66.

310 3293 367 3372 Ιλί,
389 3296 416 3377 1,
439 3295 469 3360 4.
518 3291 579 3374 [cf.
603 3291 720 3356 Philol.
743 3291 869 3356 XXVII
892 3315 925 3376 p.
949 3293 1036 3372 4634

267 3402 502 3480 *Κύλινδρος
517 3397 728 3484 Cylindrus
739 3395 988 3484 (Cvulnouvsh
1008 3399 1412 3467 cocus-Menaechmorum.

266 3507 436 3588 *Λάβραξ
460 3505 622 3570 Labrax:
646 3505 718 3568 leno
742 3504 910 3570 Rudentis.
958 3505 1054 3588 [Vide
1077 3505 1307 3588 Benselemm.]

269 3613 546 3694 [hopnohicxoc
570 3611 861 3696 Lampadisous:
886 3611 1010 3678 Cistell.
1034 3613 1075 3697 II,
1099 3615 1128 3692 3,
1153 3615 1173 3678 2
1196 3614 1412 3699 hypocoristi-

313 3743 386 3786 oum
408 3719 550 3787 nominis
574 3720 659 3804 quod
683 3719 874 3804 insequitur]
1432 3711 1435 3718 ’

268 3829 499 3908 Λαμπαδίων
523 3825 746 3909 Lampadio:
778 3848 889 3890 servus
913 3824 1131 3912 Cistellariae3
1159 3863 1196 3872 -
1222 3827 1300 3890 item
1329 3827 1412 3910 apud

312 3935 518 4018 Anonymum
538 3955 567 3997 ν.
587 3933 628 3996 97
650 3955 679 4015 p.
701 3933 762 3996 111
779 3931 830 4016 R.;
854 3969 896 3976 -—
915 3932 993 3996 item
1017 3931 1129 3997 fabula
1148 3931 1273 3998 Naevii.
1305 3932 1412 3998 Notus

313 4041 488 4122 Lampadio
513 4039 744 4124 grammaticus
768 4039 853 4122 apud
877 4036 1076 4104 Suetonium.
1116 4036 1177 4118 [Cf.
1201 4039 1413 4122 Loinpadiom

219 4123 226 4140 ⁸
313 4147 398 4232 apud
426 4145 551 4212 Lucreh.
575 4145 632 4227 IV,
658 4145 756 4228 1165,
789 4146 987 4227 Laiupodion
1018 4146 1102 4231 apud
1125 4143 1262 4210 Varron.
1293 4152 1353 4212 sat.
1382 4170 1413 4231 p.

313 4253 353 4317 97
379 4251 430 4332 λλ]

271 4359 393 4440 Λάχης
417 4359 561 4425 Laches
584 4359 741 4446 (Lacash
771 4381 868 4424 senex
890 4359 1052 4444 Eunuchi,
1081 4359 1241 4444 Hecyrae3
1266 4397 1309 4406 -
1334 4362 1413 4425 item

313 4465 396 4550 apud
417 4465 593 4532 Caecilium
613 4491 641 4534 v.
663 4469 723 4532 127
745 4467 794 4548 [λς
821 4503 858 4514 -
881 4469 931 4533 his
950 4467 1035 4550 apud
1056 4467 1247 4552 Anonymos
1267 4469 1310 4533 ib.
1325 4491 1355 4552 p.
1370 4469 1412 4532 99
