3228 5098
281 370 323 434 88
630 383 1073 432 a1o-emnroeusriuscuss

280 527 389 593 sebaft
407 527 458 592 die
472 526 641 611 Hoffnung
660 527 749 592 eines
767 525 921 611 baldigen
935 525 1163 611 persbnlicben
1178 525 1441 592 Wiedersehens

279 634 426 722 grtlnden
444 635 575 699 konnte.
590 671 632 680 -
646 632 808 699 Aehnlich
831 634 959 700 verbblt
976 655 1010 699 es
1029 633 1098 699 sich
1117 634 1178 698 mit
1196 633 1301 699 einem
1320 633 1442 699 Briese

196 758 199 766 ’
280 742 336 806 des
367 739 573 807 Camerarius
602 741 706 810 solbet
734 763 775 806 en
798 740 958 807 Henricus
982 741 1135 808 Urbanus
1163 739 1207 828 (d.
1235 741 1257 808 i.
1279 740 1440 806 Ruricius

280 847 434 935 Cordus),
464 849 521 913 der
550 848 585 913 in
614 847 781 912 derselben
805 845 997 934 Sammlung
1021 847 1115 925 Quat.
1141 849 1180 927 T,
1202 853 1226 914 2
1254 847 1343 912 steht
1364 847 1439 912 und

281 957 392 1022 diesen
415 954 548 1041 Anfang
569 954 643 1020 bat:
667 953 806 1020 ‘Literas
830 955 871 1019 ad
893 954 1025 1020 Vitum
1049 957 1223 1020 nostrum
1247 955 1388 1040 scriptas
1415 979 1440 1021 a
1473 937 1476 942 ¹

280 1069 313 1130 te
332 1063 442 1130 neseio
463 1063 534 1148 quis
554 1061 674 1146 attulit,
698 1084 752 1127 eas
771 1085 832 1147 pro
852 1062 1079 1128 beneuolentia
1096 1067 1219 1147 nostra,
1242 1085 1306 1148 qua
1323 1061 1439 1147 ipsum

281 1172 492 1256 complector,
519 1169 686 1253 resignaui
710 1191 747 1234 ac
770 1169 848 1254 legi,
877 1169 1054 1254 statimque
1076 1173 1191 1236 nectus
1215 1169 1439 1255 tabellarium,

282 1279 393 1346 curaui
417 1277 458 1342 ad
481 1277 588 1361 ipsum
611 1275 825 1361 perferendas.
867 1275 972 1342 Abest
994 1277 1081 1342 enirn
1103 1277 1169 1342 iam
1192 1297 1320 1343 menses
1342 1280 1437 1343 totos

281 1389 357 1470 tres,
381 1383 467 1470 quod
490 1387 626 1468 apparet
643 1386 675 1448 te
695 1383 856 1469 ignorare,
878 1383 1044 1468 profectus
1063 1406 1114 1449 me
1133 1406 1259 1469 quoque
1279 1383 1437 1450 hortante

282 1495 315 1559 in
345 1493 502 1576 Francos,
533 1491 575 1556 ad
605 1490 782 1576 gerendum
811 1511 927 1554 munus
958 1489 1198 1556 scholasticum.
1244 1489 1330 1558 Nam
1359 1515 1436 1558 cum

283 1623 356 1666 eum
380 1621 505 1666 mecum
524 1597 665 1663 libenter
683 1597 846 1682 haberem,
870 1597 955 1680 quod
973 1597 1072 1662 h'omo
1091 1598 1278 1664 adolescens
1298 1598 1437 1684 diligen·

282 1710 353 1774 tiss.
376 1729 509 1793 operam
533 1705 694 1770 discendis
718 1705 824 1770 literis
847 1703 943 1769 bonis
966 1705 1132 1790 tribuerit,
1155 1707 1299 1771 uiderem
1322 1709 1435 1770 autem

282 1838 349 1882 non
372 1815 443 1879 sine
467 1811 662 1878 detrimento
681 1811 766 1896 apud
787 1833 838 1876 me
856 1811 950 1876 illum
969 1811 1093 1877 tamdiu
1112 1811 1309 1897 delitescere,
1329 1813 1435 1897 ipsius

283 1921 419 1988 utilitati
446 1941 512 1984 non
542 1920 621 1984 meis
649 1919 802 1984 rationib.
826 1919 1057 1984 consulendum
1081 1919 1170 1998 duxi,
1193 1921 1227 1983 et
1250 1919 1291 1983 ed
1315 1941 1434 1984 munus

284 2029 372 2112 illud,
396 2029 482 2112 quod
506 2025 581 2111 dixi,
607 2025 790 2092 obeundum
813 2048 886 2090 eum
910 2025 1027 2110 dimisi,
1050 2026 1097 2090 ita
1120 2029 1240 2110 tamen,
1262 2031 1300 2090 ut
1324 2027 1352 2092 ei
1376 2048 1435 2110 po·

284 2137 437 2220 testatem
467 2132 613 2216 fecerim,
643 2132 670 2196 si
701 2131 809 2196 minus
840 2129 983 2196 conditio
1013 2131 1100 2196 bona
1128 2133 1280 2216 ferretur,
1310 2132 1352 2198 ad
1374 2155 1435 2198 nos

284 2242 538 2328 quandocunque
557 2239 665 2322 uellet,
688 2238 878 2304 reuertendi.
912 2237 1017 2315 Quam
1036 2239 1165 2304 obrem
1184 2243 1218 2306 et
1231 2243 1304 2304 tuas
1319 2239 1433 2304 literas

284 2349 438 2414 libentius
462 2351 495 2411 et
518 2345 611 2412 citius
637 2343 677 2412 ad
701 2367 775 2409 eum
798 2345 967 2430 peruenire
991 2346 1109 2426 studui,
1132 2351 1168 2411 ut
1192 2346 1277 2410 siin
1300 2345 1434 2411 Fbancis

284 2459 430 2522 maneret
458 2453 595 2538 inuitus,
623 2453 753 2538 gemina
777 2453 805 2516 ei
829 2453 884 2518 uia
907 2455 1035 2538 pateret
1058 2453 1238 2519 decedendi.
1283 2452 1375 2518 Haec
1397 2455 1435 2518 ut

85 2615 91 2627 .
230 2581 269 2620 ³41
285 2565 398 2648 scires,
427 2561 503 2647 quid
527 2559 566 2625 de
589 2559 655 2624 tuis
678 2559 783 2625 literis
806 2559 929 2624 factum
953 2565 1051 2645 esset,
1074 2561 1188 2644 putaui
1210 2560 1272 2625 tibi
1297 2581 1316 2624 a
1338 2559 1433 2626 nobis

285 2669 383 2736 scribi
413 2665 585 2752 oportere'.
630 2664 708 2730 Men
737 2665 858 2730 kbnnte
889 2687 923 2730 cs
953 2667 1021 2732 sich
1046 2667 1082 2751 ja
1109 2668 1271 2733 allenfalls
1296 2667 1431 2753 einiger-

286 2799 415 2844 massen
443 2772 683 2858 zurechtlegen,
712 2772 787 2838 dass
811 2773 856 2837 im
879 2771 908 2836 J.
936 2773 1021 2838 1535
1044 2773 1132 2860 (dem
1155 2764 1354 2860 Todesjahre
1378 2773 1434 2837 des

284 2879 451 2968 Ruricius)
466 2880 603 2965 Werler,
625 2880 709 2945 nach
724 2878 947 2945 Deutsobland
966 2881 1237 2966 zurdclrkehrend,
1256 2885 1364 2946 auerst
1382 2881 1434 2946 bei

288 2989 493 3058 Camerarius
523 2988 558 3052 in
586 2986 757 3072 Tbbingen
786 2985 935 3050 Zuflucht
966 2985 1029 3051 und
1057 2985 1244 3054 Aufnahnie
1274 2987 1435 3074 gefuuden

286 3100 378 3164 haue
402 3095 468 3162 und
491 3093 578 3159 dann
601 3115 666 3158 von
689 3093 758 3159 ihm
781 3093 816 3157 in
840 3093 910 3156 eine
933 3092 1119 3160 frbnkische
1143 3093 1338 3161 Schulstelle
1362 3094 1436 3159 diri-

287 3205 353 3291 girt
384 3200 516 3268 worden
549 3205 643 3265 wbrc.
690 3199 778 3264 Aber
810 3221 876 3264 was
910 3199 1019 3264 solche
1048 3199 1264 3286 Megliohkeit
1292 3201 1436 3288 sogleicb

286 3312 389 3396 vbllig
417 3306 639 3390 abscbneidet,
667 3308 711 3372 ist
730 3307 766 3390 ja
790 3306 892 3371 sehon
916 3305 971 3371 der
995 3305 1167 3374 Ausdruclr
1192 3307 1302 3374 ‘homo
1327 3308 1435 3373 adole-

287 3413 403 3498 scens',
426 3413 487 3478 mit
510 3413 582 3478 dem
602 3410 636 3477 0.
661 3411 778 3477 denso
799 3411 862 3477 viel
882 3411 989 3477 dltern
1006 3410 1129 3477 Lehrer
1147 3415 1181 3478 in
1199 3414 1311 3478 keiner
1324 3413 1437 3478 Weiss

287 3521 482 3590 bezeichnen
514 3519 648 3586 kounte:
682 3519 866 3605 abgeseben
898 3517 1019 3602 dauon,
1052 3519 1127 3585 dass
1160 3543 1195 3585 er
1226 3521 1287 3585 mit
1315 3521 1436 3586 diesem

288 3629 435 3698 offenbar
458 3627 540 3694 euch
564 3648 623 3711 gar
645 3627 737 3692 nicht
758 3627 794 3691 in
817 3627 924 3692 einem
947 3649 983 3691 so
1006 3626 1073 3691 fast
1091 3627 1269 3693 ztirtliehen
1282 3627 1436 3721 Verbdlt-

287 3739 356 3804 niss
381 3736 485 3820 stand,
508 3736 568 3800 wie
592 3757 626 3799 es
651 3733 756 3798 dieser
780 3733 873 3798 Brief
893 3731 1077 3800 ausdrtlckt.
1097 3770 1140 3780 -
1159 3733 1216 3799 Iob
1239 3733 1324 3799 babo
1349 3734 1436 3800 diesc

289 3845 412 3910 Stellen
431 3843 513 3907 auch
531 3864 594 3906 nur
613 3839 726 3906 derum
745 3840 817 3905 hier
831 3839 865 3904 in
881 3843 1013 3906 extenso
1029 3839 1228 3925 wiederbolt,
1246 3863 1301 3904 um
1312 3841 1437 3924 jeman-

289 3951 371 4035 dem,
390 3949 447 4013 der
469 3949 502 4012 in
526 3947 637 4012 diesen
652 3945 1037 4032 Gelehrtengescbichten
1057 3947 1169 4012 besser
1185 3947 1374 4014 bewandert
1391 3949 1438 4013 ist

290 4059 338 4122 als
358 4055 419 4138 ich,
438 4052 687 4137 Anhaltpunkte
706 4075 745 4117 zu
766 4053 868 4137 geben
887 4075 926 4117 au
946 4053 1001 4117 der
1015 4051 1247 4140 Ermittelung,
1266 4075 1332 4118 wer
1350 4054 1437 4118 deun

290 4161 463 4249 cigentlich
494 4161 550 4225 der
580 4159 652 4225 hier
680 4161 842 4244 gemeinte
871 4159 998 4225 ‘Vitus'
1026 4181 1103 4224 war.
1149 4159 1223 4225 Und
1251 4159 1437 4225 audissem

291 4269 423 4334 Zwecke
454 4269 543 4333 seieu
570 4267 656 4332 deun
684 4267 766 4332 auch
795 4267 879 4332 noch
907 4289 965 4332 aus
989 4266 1094 4330 einem
1117 4289 1181 4332 von
1204 4265 1354 4350 Micyllus
1378 4288 1438 4330 aus

290 4375 486 4462 Heidelberg
510 4373 553 4440 in
572 4373 777 4440 Camerarius
801 4373 835 4438 in
854 4371 1028 4460 Nllrnberg
1048 4371 1299 4456 geschriebeneu
1319 4369 1439 4454 Briefe,

290 4483 347 4548 der
366 4481 433 4546 sich
455 4482 488 4546 in
507 4481 579 4546 dem
600 4479 757 4546 ‘Libellus
776 4475 892 4544 novius'
917 4477 1011 4556 Quat.
1025 4477 1074 4556 M,
1093 4484 1113 4544 6
1132 4477 1241 4562 findet,
1260 4477 1311 4542 die
1330 4479 1439 4564 wenig
