3294 5104
298 381 364 446 272
687 401 725 447 ru
747 401 859 448 muru
883 399 1053 446 suasura

298 539 430 606 Beierus
454 541 488 605 in
512 539 577 608 Cic.
599 541 688 606 Lael.
710 563 740 626 p.
762 542 823 606 141
835 537 878 628 ²¹²),
901 539 1051 626 Vngerus
1075 540 1114 606 de
1138 538 1249 625 Valgii
1272 539 1346 606 Rufi
1369 563 1445 626 poe·

244 647 396 712 armatis
426 671 457 733 p.
483 647 546 714 154
560 668 629 731 sqq.
658 647 740 712 oonl.
769 668 961 712 excursuum
989 669 1019 732 p.
1042 647 1122 730 443,
1154 646 1281 712 Keilius
1308 647 1330 710 l.
1358 669 1382 712 s.
1411 669 1445 732 s,

298 757 464 838 postremo
497 753 530 818 in
562 751 761 818 nitidissima
792 753 935 818 Terentii
973 753 1115 820 editione
1147 751 1300 818 Alfredus
1331 752 1445 818 Fleck-

299 859 434 925 eisenus.
471 859 615 936 Quorum
634 863 744 926 tomen
763 861 890 928 nullum
908 861 941 926 id
965 861 1051 945 quod
1070 881 1179 926 verum
1203 859 1316 924 haberi
1338 859 1446 943 possit

298 965 487 1030 adsecutum
510 969 673 1050 putamus:
697 967 783 1052 quod
806 989 878 1032 cum
902 967 1036 1052 longum
1061 965 1104 1032 sit
1127 965 1319 1051 singillatim
1337 987 1444 1049 perse·

299 1071 362 1155 qui,
386 1071 420 1135 in
443 1071 555 1155 paucis
578 1073 674 1138 nobis
698 1073 941 1140 subsistendum
964 1072 1194 1156 intellegimus.
1231 1071 1281 1138 Ac
1303 1073 1444 1156 primum

300 1176 431 1260 quidem
454 1199 526 1244 eum
549 1200 678 1244 versum
702 1180 756 1264 qui
780 1183 831 1244 est
853 1179 977 1246 medius
1000 1201 1066 1244 non
1084 1178 1222 1244 vidimus
1242 1200 1444 1262 a,quoquam

299 1282 346 1346 ita
369 1283 616 1370 conformatum,
640 1285 719 1370 quin
742 1289 800 1352 aut
822 1287 919 1352 nimis
943 1285 1066 1369 asperis
1090 1288 1147 1350 aut
1164 1284 1263 1350 nimis
1282 1284 1443 1350 debilibus

298 1392 441 1457 numeris
464 1392 592 1460 incedat
615 1396 672 1458 aut
694 1393 736 1458 ab
760 1397 898 1479 utroquo
921 1414 1037 1479 genere
1060 1391 1195 1458 laboret.
1228 1390 1354 1456 Nereos
1376 1413 1443 1457 non

299 1496 399 1562 habet
423 1519 517 1581 quem
542 1496 707 1585 Scaligcro
730 1499 810 1564 duce
833 1500 977 1584 plerique
1001 1497 1122 1564 exitum
1145 1498 1325 1582 probarunt
1343 1497 1442 1580 ydati-

299 1603 355 1669 du‘s
376 1605 485 1682 debeb
509 1605 677 1672 durusest
695 1609 728 1670 et
746 1607 913 1692 inelegans
937 1605 1096 1690 dactylico
1119 1605 1276 1671 vocabulo
1300 1625 1443 1688 compre-

297 1711 417 1776 hensus
449 1711 597 1796 dactylus
629 1711 769 1797 Poblios,
801 1712 887 1796 quod
917 1733 1035 1778 nomen
1069 1733 1086 1776 e
1112 1711 1239 1793 populis
1270 1710 1355 1776 idem
1388 1710 1445 1774 ille

299 1815 443 1902 Scaliger
467 1817 644 1903 efficiebat,
674 1819 726 1884 vel
753 1840 827 1884 oum
848 1819 968 1902 raptores
990 1824 1019 1884 ct
1039 1818 1162 1900 populis
1184 1817 1278 1884 dotat
1303 1816 1367 1882 luit
1389 1817 1445 1900 qui

389 2009 414 2076 ³)
438 2007 529 2063 Beieri
552 2009 651 2077 verba,
679 2009 778 2078 quibus
797 2009 1066 2078 disputatiunculam
1085 1989 1164 2064 suani
1184 2009 1330 2078 conclusit,
1358 2007 1445 2062 animi

300 2113 399 2150 caussa
417 2095 563 2166 adscripsi:
584 2097 782 2168 ‘fragmentum
802 2097 877 2154 enim
896 2101 1057 2169 corruptum
1076 2115 1135 2154 esse
1151 2101 1235 2168 atquo
1250 2096 1445 2154 emendatione

300 2185 392 2239 adhuc
411 2201 507 2254 egere,
531 2185 624 2241 sobria
642 2185 747 2256 ingenii
766 2186 891 2242 sollertia
908 2185 1015 2242 iudicat
1032 2187 1116 2257 longe
1134 2186 1320 2258 peritissimus
1339 2183 1445 2240 arbiter

300 2273 372 2343 Aug.
392 2273 570 2330 Weichertus
588 2274 618 2329 in
635 2273 796 2346 pererudita
814 2277 1034 2331 cmummtats'oac
1052 2277 1085 2331 de
1105 2276 1134 2330 0.
1156 2273 1253 2344 Vulpio
1271 2273 1348 2340 Rufo
1362 2278 1446 2342 porta

299 2361 423 2430 (Grimae
446 2379 479 2418 ex
503 2361 575 2418 offic.
599 2362 772 2418 Goeschenia
791 2369 867 2418 1827.
891 2365 927 2430 4.)
949 2363 1049 2434 fragm.
1069 2363 1158 2418 xvn.’
1196 2361 1335 2418 Nimirum
1360 2361 1444 2431 plane

280 2449 343 2504 'sui
362 2450 462 2506 similis
479 2451 655 2506 Weichertus
674 2450 768 2507 extitit
787 2451 863 2507 Poet.
883 2452 933 2508 lat.
952 2451 1032 2522 reliq.
1052 2470 1079 2522 p.
1099 2457 1151 2506 239
1166 2467 1217 2519 sq,
1245 2467 1337 2504 rerum
1350 2448 1446 2504 'inuti-

299 2539 368 2594 lium
387 2541 463 2594 strue
481 2537 624 2606 molestus,
643 2539 729 2594 hebes
748 2539 862 2596 iudicio.
886 2571 919 2582 ·-
944 2540 1073 2596 Cetenrm
1092 2555 1127 2594 ne
1146 2539 1213 2610 quid
1232 2537 1446 2608 desideraretur,

300 2625 473 2682 infructuosa
491 2625 659 2680 emendandi
677 2627 825 2684 conanime
840 2629 957 2684 duorum
972 2645 1099 2684 versuum
1113 2628 1238 2699 priorum
1252 2625 1325 2684 iutro
1338 2625 1445 2696 scripsi.

299 2715 363 2770 Hac
380 2732 449 2786 quac
468 2719 604 2770 comatur
622 2715 735 2782 [abidae
746 2716 876 2784 Terentii,
894 2717 961 2774 Noa
978 2717 1028 2771 bas
1045 2717 1094 2786 qui
1111 2718 1177 2772 tura
1188 2717 1304 2772 Potb'us
1320 2716 1447 2786 partitos

298 2805 383 2861 dabat
402 2803 536 2876 Scaliger.
573 2804 637 2859 Hac
654 2822 724 2875 quac
741 2812 879 2862 mouetur
896 2807 1009 2874 fabulae
1026 2807 1117 2872 boias,
1136 2809 1221 2860 aona'
1240 2821 1287 2860 cas
1307 2804 1362 2876 Qui
1379 2805 1446 2860 turo

294 2895 423 2964 populu,
448 2893 516 2964 lepre
537 2894 663 2963 partitas
687 2895 772 2950 dabat
795 2885 980 2965 Rutgersius.'
1007 2895 1189 2950 serarianas
1213 2895 1285 2964 quot
1307 2899 1446 2950 oocoator

298 2983 410 3049 fabulae
428 2983 508 3038 casiod
524 2981 614 3036 aaut?
641 2982 708 3038 Noa
725 2984 775 3039 bria
792 2984 841 3053 poi
859 2985 924 3040 iura
941 2983 1060 3054 populis,
1078 2999 1164 3054 repon
1181 2983 1342 3038 Mttooubds
1359 2983 1446 3038 dabat

300 3067 438 3124 Barthiua
476 3068 539 3124 Hoc
561 3087 631 3140 quw
652 3077 790 3128 uomrdur
812 3073 960 3140 (sororum
978 3071 1076 3141 nuper)
1098 3071 1212 3138 fabulae
1229 3071 1342 3126 asiam
1358 3069 1445 3126 sant?

299 3157 366 3210 Noa
383 3157 434 3222 bas
451 3159 499 3228 qai
517 3159 584 3214 iuro
597 3161 711 3230 poprdis
729 3161 790 3216 ead'
809 3160 890 3216 titus
908 3161 987 3228 (cado
1004 3161 1085 3216 bibres
1098 3159 1197 3229 nuper)
1215 3159 1301 3214 dotat
1321 3157 1444 3214 Bothius.

178 3257 183 3265 ·
301 3246 371 3300 Cum
385 3246 533 3318 Rutgersio
551 3246 686 3302 faciontes
705 3247 735 3302 in
753 3247 843 3318 primo
861 3265 941 3302 versu
962 3246 1018 3317 Qui
1031 3249 1097 3302 tura
1106 3248 1221 3316 populis
1234 3247 1447 3316 implorantibus

299 3333 355 3403 (vel
373 3335 613 3406 eadopcraotttos)
632 3337 719 3392 dabat
736 3335 857 3406 Beieras,
878 3337 933 3406 Qui
947 3337 1012 3392 iura
1022 3337 1145 3406 populis,
1162 3353 1236 3406 repes
1253 3336 1379 3406 portibus
1396 3337 1445 3390 da·

300 3423 346 3478 bot
364 3423 500 3494 Vngerus.
536 3424 613 3480 Tuae
630 3441 699 3495 qaae
716 3429 854 3480 uocantur
870 3425 991 3492 subdor,
1008 3441 1065 3480 noa
1083 3429 1148 3480 ruat
1166 3430 1236 3481 tuae.
1269 3425 1370 3480 Nouae
1387 3425 1445 3490 bas,

299 3513 348 3580 qui
366 3513 431 3568 tara
449 3514 558 3584 rapitur
575 3519 600 3568 et
613 3515 727 3584 populis
745 3513 831 3570 dabat
848 3513 963 3572 Keilius.
994 3513 1071 3572 Tuae
1088 3531 1158 3585 pour
1176 3517 1313 3570 necamur
1333 3513 1446 3582 subolae
1464 3501 1466 3506 ¹

299 3601 412 3658 cataroe
428 3601 514 3658 suat?
541 3602 608 3658 Non
625 3604 691 3670 ltus,
709 3603 757 3674 qut
776 3605 841 3658 turo
861 3603 978 3674 Poplius
995 3604 1081 3660 dotat
1097 3604 1223 3676 portibus
1240 3603 1444 3659 Fleckeisenus.

301 3719 334 3730 -
353 3689 491 3746 Nimirum
511 3689 611 3747 Bothio
630 3691 783 3760 Beieroque
801 3691 893 3746 baudi
912 3691 965 3746 fuit
984 3689 1201 3747 Lindonbruchii
1220 3709 1247 3762 p.
1258 3697 1309 3746 622
1330 3692 1372 3748 ed.
1384 3691 1445 3748 Par.

299 3777 370 3832 haec
388 3779 547 3837 adnotatio:
577 3779 736 3836 ‘Tarnaias
753 3781 850 3852 dotat]
869 3781 914 3835 Ita
932 3797 965 3836 ex
982 3793 1047 3835 uss.
1065 3779 1227 3835 restitutum
1246 3783 1301 3850 ert,
1327 3799 1445 3851 quorum

297 3867 370 3921 alter
393 3867 432 3922 sio
454 3869 541 3924 habet
560 3907 676 3925 .....
696 3870 821 3926 md'sbos
843 3869 948 3926 dotat?
987 3869 1063 3936 Quae
1086 3869 1115 3923 in
1139 3869 1263 3924 editions
1281 3869 1445 3925 Francolur-

297 3953 371 4009 tensi
390 3955 430 4008 sic
448 3957 559 4011 mutata
577 3959 642 4012 sunt
659 3975 686 4028 p.
707 3963 771 4014 6³2:
803 3958 934 4028 ‘Popob’s
955 3957 1081 4013 crrd'itos
1104 3958 1201 4028 dotat]
1243 3957 1288 4014 Ita
1305 3971 1369 4014 ross.
1388 3959 1441 4013 Da

297 4039 387 4096 nielis.
419 4041 494 4112 vulg.
509 4044 665 4112 petentebus
683 4046 775 4102 dotat
804 4047 840 4104 sl.
859 4045 1077 4104 recessuum?
1116 4045 1194 4102 Nulli
1217 4046 1329 4102 tueumt
1352 4045 1443 4101 ‘uss’

299 4130 434 4201 Danielis,
453 4131 501 4188 red
520 4148 591 4186 unus
609 4145 657 4187 ns.
694 4133 735 4188 Ex
761 4133 821 4190 eius
839 4135 964 4206 margine
983 4135 1049 4204 (non
1069 4135 1115 4190 ‘ex
1132 4133 1221 4202 usust)
1240 4133 1399 4190 adsciverat
1416 4134 1445 4188 in

298 4220 454 4276 Parisinam
476 4219 620 4275 roscius
637 4237 745 4277 nomen.
784 4221 872 4288 Quem
893 4223 1037 4279 ‘alamon'
1057 4223 1140 4292 dicit,
1158 4239 1213 4278 nou
1233 4221 1287 4276 fuit
1305 4221 1376 4278 alter
1395 4221 1446 4276 Pa·

299 4308 400 4364 risinus
418 4311 513 4365 noster
532 4313 615 4378 7921,
643 4309 692 4364 sed
710 4313 761 4366 aut
778 4310 929 4367 Continuus
947 4315 1066 4383 utputo
1085 4313 1135 4368 aut
1153 4309 1326 4367 Cuiacianus.
1364 4311 1445 4366 Prae·

298 4399 377 4451 terea
394 4395 443 4464 qui
458 4397 613 4465 petnstibos
632 4395 750 4452 ediderit
768 4413 825 4452 non
842 4399 933 4471 magis
948 4401 1014 4457 nori
1027 4419 1111 4471 quam
1126 4400 1176 4470 qui
1189 4401 1353 4467 comum,
1371 4399 1445 4470 quod

299 4483 330 4538 in
348 4501 461 4538 suarum
481 4483 634 4538 editionum
654 4484 806 4542 novissimo
823 4488 946 4544 testetur
964 4489 1089 4544 Bothius.
